3044 4986
891 167 897 182 Ι

742 229 776 308 5.

623 275 682 286 —
768 267 779 286 λ’
824 275 885 290 η

47 477 58 494 .
174 407 227 475 cll.
242 405 352 492 schol.
363 402 441 469 ibid.
455 424 502 468 vs.
520 407 610 476 1169.
622 403 665 468 de
677 425 740 490 quo
755 403 926 490 disputavit
938 405 974 472 P.
989 405 1030 471 V.
1039 405 1200 472 Pritrsche
1214 419 1334 493 quaest
1421 451 1425 466 ι.
1513 359 1514 382 l

173 506 338 592 Aristoph.
352 529 383 590 p.
399 508 519 590 ustsq.
561 504 699 590 Lyconis
722 503 922 572 nobilitatem
943 509 1093 587 Socrates
1113 509 1248 574 fortasse
1265 510 1336 572 irri-

174 611 272 674 dendi
299 627 396 672 caasa
426 607 590 690 praedicat
610 608 644 670 in
661 605 813 690 Xenoph.
835 607 944 693 Symp.
968 607 1057 690 Vlll,
1081 613 1111 680 7.
1140 618 1189 695 (v.
1205 608 1334 674 Herhst.

174 735 206 797 p.
218 707 303 790 XL).
341 706 532 772 Proditionis
548 709 666 771 crimen
688 709 716 770 si
738 729 813 775 vere
831 721 864 772 et
880 711 949 774 iare
962 707 1084 792 Lyconi
1100 709 1259 775 obiectum
1273 722 1334 788 est,

55 845 56 848 ¹
158 799 216 878 xue
236 809 315 874 illud
335 809 461 894 quidem
480 808 667 872 incredibile
686 820 752 888 est,
782 831 854 874 eum
881 811 981 875 luisse
1006 813 1040 874 in
1066 809 1252 890 triumviris,
1282 813 1335 898 qui

177 912 341 977 Socratem
363 913 477 994 cepitis
499 921 724 1002 accusaverunt
746 911 792 994 (v.
807 909 890 976 Plat.
910 910 1005 997 Apol.
1022 912 1111 976 Socr.
1124 935 1150 976 c.
1165 912 1208 976 X.
1238 911 1335 997 Diog.

174 1014 282 1080 Laert.
293 1011 336 1078 ll.
352 1014 403 1076 38.
436 1008 673 1093 Maxirn.·'l'yr.
691 1008 753 1074 IX.
775 1013 829 1094 3.).
876 1012 1036 1078 Evicimus
1054 1015 1167 1098 igitur,
1197 1017 1336 1078 comicos

174 1117 337 1202 Lyconem
356 1112 544 1199 proditionis
563 1109 810 1175 insimularisse.
850 1111 1038 1199 Metagenes
1060 1116 1145 1178 euim
1162 1136 1213 1201 ap.
1227 1113 1335 1178 Schol.

158 1219 257 1282 ·Plat.
275 1215 297 1278 l.
325 1237 351 1278 c.
374 1215 492 1278 diserte
512 1213 657 1292 tradidit,
685 1218 757 1276 etim
776 1217 912 1298 pecunia
935 1228 1114 1300 corruptum
1133 1209 1336 1300 Naupactum

175 1317 382 1438 prodidisse.
407 1311 444 1376 In
458 1315 547 1378 cuins
556 1315 761 1393 testimonio,
783 1317 843 1378 etsi
859 1317 943 1400 apud
956 1335 1061 1382 rerum
1077 1317 1245 1434 scriptores
1258 1314 1339 1380 nihil

177 1421 282 1484 inveni
304 1415 389 1503 quod
406 1403 467 1479 huc
492 1417 665 1498 pertineat,
688 1417 939 1500 acquiescerem,
960 1421 994 1480 ni
1012 1413 1188 1482 accuratius
1205 1419 1237 1479 in
1256 1415 1337 1480 hano

175 1543 243 1586 rem
265 1517 450 1603 inquirendo
469 1515 574 1580 lucem
594 1513 717 1578 scholio
735 1518 775 1579 ad
796 1525 938 1581 nostrum
957 1519 1062 1584 locum
1077 1517 1269 1603 perobscura
1286 1539 1337 1580 ac-

177 1621 270 1688 cendi
287 1639 384 1704 posse
401 1619 551 1682 viderem.
588 1616 727 1680 Suborta
741 1621 825 1682 enim
841 1619 920 1682 nrihi
935 1629 985 1684 est
998 1622 1156 1703 suspicio,
1176 1617 1337 1700 Lyconem

178 1728 274 1790 etiam
288 1725 321 1785 in
335 1717 415 1784 Asia
425 1717 667 1815 Atheniensium
679 1740 732 1782 res
746 1721 935 1804 prodidisse.
979 1717 1074 1794 Quod
1094 1741 1134 1783 ne
1151 1722 1202 1782 cui
1216 1727 1337 1782 temere

176 1826 300 1914 opinari
319 1821 447 1900 videar,
484 1821 615 1884 afferam
643 1818 771 1888 Ctesiae
791 1819 898 1884 locum
917 1820 1004 1884 Pers.
1024 1843 1051 1884 c.
1067 1825 1117 1884 52.
1130 1844 1161 1905 p.
1154 1824 1225 1882 .77.
1241 1816 1337 1884 Bahr.

176 1921 360 2049 άιρισιαται
384 1920 619 2009 Πισσούθνης·
652 1917 710 1986 καὶ
731 1913 973 1988 ἀποστέλλεται
993 1915 1066 1986 κατ’
1088 1916 1191 1987 αύτοῦ
1215 1925 1338 1989 Τισσα-

176 2027 299 2146 φέρνης
327 2019 384 2088 καὶ
416 2020 619 2143 Σπιύράτης
650 2018 707 2088 καὶ
736 2017 856 2110 Παρι’
816 2043 926 2110 μισρς.
963 2015 1158 2143 άντεπεξρει
1185 2021 1223 2087 δὲ
1250 2026 1338 2087 Πισ-

176 2123 339 2212 σούθνρς,
369 2116 452 2207 ἔχων
466 2120 529 2188 καὶ
554 2119 738 2190 Λύκωνα
765 2118 1123 2212 τύνἈθηναῖον”
1100 2146 1171 2206 αμα
1183 2118 1344 2211 Ἓλλησιν

177 2217 224 2296 ὧν
242 2225 366 2302 ἐκεῖνος
385 2215 475 2312 ἦρχε.
499 2220 766 2308 λαμβάνουσι
784 2219 874 2290 δὲ
843 2248 877 2289 οι
896 2249 956 2292 του
941 2223 1143 2309 βασιλέως
1162 2219 1340 2311 στρατηγοὶ
1388 2269 1393 2274 -
1513 2243 1514 2246 ’

174 2327 395 2446 χρήμασι
385 2323 563 2390 Λύκωνα
590 2320 648 2388 καὶ
677 2321 754 2400 τούς
774 2320 953 2411 Έλληνας,
982 2322 1040 2390 καὶ
1059 2318 1229 2412 άφιστῶσι
1250 2326 1338 2388 Πισ-

175 2425 334 2496 σούθνου.
365 2414 436 2488 εἶτα
458 2421 573 2541 δύντες
591 2415 681 2507 αὐτῷ
702 2418 832 2498 πίστεις
851 2446 910 2488 και
900 2414 1128 2506 λαβόντες”
1104 2443 1231 2509 cyovcc
1244 2420 1338 2544 παρὰ

174 2525 326 2614 βασιλέα.
355 2548 374 2590 ο
363 2516 491 2590 ‘dd
461 2545 509 2598 εις
534 2518 595 2608 miv
612 2519 744 2588 σποδὸν
761 2519 912 2606 ἐνέβαλε,
944 2523 1156 2645 Τισσαφέρνη
1178 2520 1257 2604 δούς
1280 2519 1341 2612 τὴν

109 2667 124 2685 -,
174 2623 394 2698 Πισσούθνου
425 2644 642 2712 σατραπειαν.
681 2617 782 2707 ἔλαβε
816 2621 854 2689 δὲ
877 2621 1029 2690 Λύκων
1054 2621 1111 2691 καὶ
1139 2622 1256 2703 πόλεις
1282 2621 1369 2689 καὶῚΙ

173 2728 286 2819 χώρας
302 2721 408 2814 ὑπὲρ
429 2724 504 2811 τῆς
526 2723 775 2812 προδοσίας.
816 2723 867 2788 De
883 2725 1004 2790 rebus
994 2748 1029 2789 ιιι
1043 2726 1123 2790 Asia
1137 2730 1238 2811 gestis
1252 2727 1340 2790 adire

176 2831 272 2900 iubeo
292 2827 500 2912 Kriigerum'
491 2847 525 2888 ιιι
543 2822 753 2888 Commentat.
774 2827 815 2889 ad
832 2824 965 2909 Dionys.
984 2825 1146 2892 Halicaru.
1160 2827 1340 2912 historiogr.

176 2959 209 3022 p.
200 2937 296 2998 .353.
316 2937 350 2992 et
370 2926 532 2993 Blumium
547 2928 580 2990 in
602 2923 684 2988 libro
707 2926 746 2990 de
766 2925 888 2990 Herod.
904 2941 936 2992 et
951 2925 1063 2992 Ctesia
1076 2950 1109 3012 p.
1126 2932 1166 2992 76
1180 2952 1227 3014 sq.
1268 2928 1341 2993 Hoc

176 3033 356 3100 testimonio
394 3027 590 3092 illustrantur
618 3049 675 3106 oa,
712 3048 798 3148 quae
808 3030 856 3092 iu
888 3026 989 3091 schol.
1026 3029 1066 3092 ad
1102 3028 1342 3121 προύίύιυσι

177 3133 341 3258 φρούριον
367 3131 524 3214 adscripta
545 3140 634 3192 sunt:
675 3125 762 3217 πρὸς
786 3125 864 3206 τούς
892 3126 1097 3215 ποιήσαντας
1124 3125 1202 3210 τούς
1235 3133 1340 3217 Φερε-

177 3235 319 3326 κράτους
346 3230 493 3320 Πέρσας.
545 3226 658 3349 Νοριιο
688 3233 772 3294 enim
798 3231 877 3294 mihi
906 3232 1052 3294 conuenit
1078 3251 1150 3294 cura
1184 3229 1340 3294 Passovio

179 3335 351 3424 (Opuscul.
367 3357 399 3419 p.
390 3335 498 3417 ..,57)
518 3333 572 3416 qui
590 3353 636 3395 ex
648 3332 854 3416 fragmentis
845 3356 912 3396 rure
928 3331 1096 3416 collegisse
1111 3328 1219 3394 sihi
1189 3351 1276 3394 ursus
1291 3341 1341 3393 est

179 3437 382 3502 Pherecrati
373 3458 406 3498 nr
419 3433 602 3513 comoedia,
622 3431 764 3497 Persae
755 3437 885 3519 inscript
887 3457 923 3513 a,
871 3433 1006 3500 thoc
1021 3433 1120 3498 fuisse
1133 3431 1340 3515 propositum,

180 3551 215 3600 ut
235 3537 292 3601 sub
314 3538 483 3602 Persarum
500 3530 627 3599 nomine
648 3533 815 3600 helluones
838 3534 1080 3620 liguritoresque
1107 3535 1157 3598 sui
1181 3535 1252 3595 aevi
1269 3553 1341 3616 per-

181 3639 355 3721 stringeret.
397 3638 465 3702 Imc
490 3641 535 3701 ita
557 3639 763 3722 ego-sentio,
787 3635 1008 3700 Pherecratem
1025 3635 1163 3718 Lyconis
1188 3632 1341 3717 proditio·

180 3759 254 3802 aem
275 3740 311 3800 in.
327 3738 406 3802 Asia
426 3741 611 3824 exagitasse
635 3741 802 3824 ipsumque
830 3737 911 3802 illnd
938 3758 1055 3800 nomeu
1080 3733 1225 3802 Thoricii
1246 3752 1343 3797 usar-

178 3832 285 3926 passe.
316 3837 409 3904 Certe
422 3841 484 3904 hac
499 3841 604 3904 refero
616 3839 833 3925 perturbatum
849 3837 995 3902 scholion
1011 3838 1050 3902 ad
1065 3833 1228 3919 Aristoph.
1242 3831 1343 3918 Vesp.

179 3963 226 4006 vs.
240 3943 333 4003 1549.
357 3943 482 4025 (1500.)
503 3942 587 4028 quod
607 3943 725 4025 insigni
745 3940 870 4004 laborat
894 3938 1100 4004 obscuritate:
1135 3931 1183 4014 ιλς
1203 3931 1344 4024 σμικρὸν

179 4039 238 4108 τὸν
262 4037 429 4113 Φιλοκλέα
449 4041 507 4109 καὶ
528 4039 567 4109 τὸ
598 4039 794 4131 φαλάγγων.
830 4041 933 4130 δῆλον
966 4040 1004 4109 dri
1039 4038 1076 4106 ἐκ
1111 4039 1177 4104 reia
1209 4041 1342 4123 Φερε-

180 4140 364 4231 κράτους
390 4134 538 4228 dyptico.
577 4141 637 4209 καλ
664 4145 818 4232 καρκῖνος
840 4141 902 4226 μέν
926 4166 978 4220 τις
1000 4132 1043 4228 ἦν
1070 4133 1088 4207 ὅ
1121 4131 1343 4226 Θωρυκίου

179 4239 279 4322 υἱός.
306 4233 392 4330 ἦσαν
418 4240 457 4310 δὲ
483 4236 574 4330 αύτῷ
599 4247 688 4334 τρεῖς
712 4265 799 4322 τινες
817 4238 951 4333 μικροί,
979 4241 1064 4328 quod
1078 4239 1149 4306 aliis
1164 4235 1343 4302 emaculan-

135 4411 140 4416 .
180 4346 256 4412 dam
272 4343 429 4434 relinquo.
471 4341 585 4426 ltaque
605 4346 685 4411 illud
709 4339 892 4436 Θωρυκίων
904 4346 1131 4415 adnumeretur
1146 4351 1343 4406 necesseest
