3044 4986
145 1090 458 1179 canone
485 1087 733 1190 nunna
758 1026 1306 1183 nnnunnnnnu

348 1245 1101 1330 coronamenta-onnes,ures.sorro1t1

617 1490 651 1541 s.
702 1457 740 1543 ι’».
792 1495 831 1543 u.

254 1702 749 1781 cononicus
807 1700 1190 1835 sossius.

41 2163 52 2204 ¹.
141 2086 288 2190 Petenti
308 2122 383 2205 tibi,
418 2129 608 2192 amicissime
632 2125 871 2209 Fuulrhaeneli,
905 2139 941 2190 ut
962 2128 1003 2192 ad
1024 2127 1196 2192 secundum
1217 2138 1302 2190 acto-

139 2249 211 2291 rum
231 2227 392 2288 societatis
409 2248 560 2310 graecae,
583 2249 664 2313 quae
687 2241 815 2312 auctore
836 2241 868 2291 et
887 2229 1033 2313 praeside
1054 2249 1177 2291 summo
1192 2241 1301 2291 nostro

66 2372 70 2385 f
139 2336 346 2412 praeceptore
369 2323 552 2389 Godolredo
574 2325 758 2391 Hermanno
778 2327 909 2414 Lipsiae
929 2329 1037 2408 floret,
1058 2328 1208 2398 volumen
1229 2337 1303 2388 coni

141 2425 420 2506 cinnandum'ego
448 2445 573 2508 quoque
601 2443 647 2487 ecc
673 2423 830 2491 Academi
855 2430 941 2502 silvis
969 2427 1108 2512 aliquam
1133 2415 1303 2511 συμβολὴν

76 2597 78 2602 .
139 2529 316 2603 mitterem,
345 2543 440 2607 quum
458 2535 587 2608 propter
605 2523 759 2610 plurimas
781 2527 861 2592 alias
885 2529 1023 2591 rationes
1046 2539 1081 2589 ut
1101 2525 1300 2610 obtempera·

138 2649 209 2692 rem
228 2623 315 2688 facili
335 2624 464 2708 negotio
488 2625 626 2688 animum
647 2625 775 2708 induxi,
805 2639 872 2692 turn
885 2649 960 2692 vero
972 2650 1123 2714 perquam
1136 2625 1215 2690 milri
1229 2647 1301 2710 gra·

138 2741 207 2792 tum
223 2726 344 2805 evenit,
369 2735 405 2786 ut
428 2745 467 2787 ea
489 2725 648 2790 scribendi
664 2730 830 2792 occasione
851 2728 958 2792 oblata
975 2727 1062 2792 illius
1083 2751 1207 2815 quoque
1221 2740 1300 2792 tern-

137 2830 244 2914 poris,
271 2825 357 2912 qnod
376 2836 480 2888 teonnr
501 2837 533 2888 et
555 2849 626 2892 curn
650 2831 777 2914 optimis
799 2831 925 2907 amicis,
947 2815 1019 2892 loa.
1045 2828 1184 2894 chrico
1211 2826 1300 2894 Neu-

138 2927 262 2993 klrchio
288 2939 320 2990 et
348 2923 532 2988 Hermanno
562 2926 719 3013 sauppio,
748 2929 860 2993 cadem
879 2931 1055 2994 studiorum
1073 2934 1197 2996 ratione
1224 2953 1299 2995 con-

138 3033 262 3094 iunctus
288 3027 428 3091 suanter
454 3027 611 3112 quondam
635 3027 765 3112 Lipsiae
790 3033 947 3114 transegi,
979 3045 1216 3096 monumentum
1235 3029 1298 3094 hoc

140 3134 312 3196 exsisteret
334 3125 560 3212 qualecunque.
603 3127 697 3192 Licet
718 3131 802 3193 enim
822 3151 867 3193 ex
881 3130 939 3194 illo
956 3131 1035 3192 inde
1047 3143 1188 3215 ternpore
1203 3145 1299 3192 nnus:

141 3235 272 3318 quisque
291 3250 357 3293 uon
375 3227 479 3291 solum
502 3231 536 3292 in
556 3229 636 3294 alias
657 3242 776 3312 terras,
805 3232 862 3295 scd
882 3232 916 3294 iu
935 3230 999 3294 alia
1018 3223 1142 3310 etiarn,
1156 3232 1299 3317 quamvis

140 3335 223 3396 iuter
241 3353 276 3395 se
294 3331 453 3394 communi
475 3331 610 3414 quodam
635 3329 784 3394 affinitate
798 3334 1068 3411 coniunctissima,
1089 3329 1194 3396 studia
1210 3331 1299 3396 abic-

140 3433 255 3512 rimus,
276 3435 391 3496 mansit
405 3442 490 3495 certe
509 3433 660 3494 consortii
674 3434 774 3496 nostri
797 3430 994 3521 φιλέλληνος
1014 3427 1299 3520 καλφιλομούσου

139 3532 228 3596 haud
248 3533 416 3612 iniucunda
437 3533 607 3610 memoria,
636 3553 729 3617 quam
750 3532 804 3614 vel
824 3532 959 3596 Athenis
982 3533 1148 3616 degentem
1164 3531 1298 3596 subinde

142 3635 250 3698 animo
269 3632 410 3697 recolere
435 3635 532 3696 iuvat.
582 3631 854 3718 circumspicienti
878 3633 1100 3714 antemmihi,
1130 3632 1243 3718 ecquid
1264 3634 1298 3694 in

140 3755 228 3822 penu
241 3753 313 3794 mea
325 3733 491 3816 haberem,
517 3733 602 3821 qnod
617 3737 731 3798 vestris
751 3735 817 3798 illis
837 3738 916 3801 actis
930 3734 1014 3799 haud
1026 3733 1121 3821 plane
1134 3720 1297 3818 indignum

140 3837 350 3913 iudicaretur,
381 3855 447 3899 nou
466 3834 523 3899 abs
545 3856 580 3898 re
600 3835 669 3898 lore
691 3838 793 3901 visum
825 3850 892 3917 est,
922 3838 951 3900 si
973 3858 1017 3900 ex
1042 3833 1298 3920 inscriptionibus

141 3937 278 4021 Amorgi
299 3932 439 4013 insulae,
466 3947 568 4000 terrae
591 3935 643 4000 vel
663 3951 792 4023 propter
808 3938 979 4002 Simonidis
997 3938 1114 4001 famam
1128 3938 1179 4020 pie
1192 3923 1298 3999 colen-

142 4041 220 4118 dae,
255 4036 313 4102 sed
338 4034 380 4098 ad
404 4033 485 4100 hanc
508 4059 607 4123 risque
632 4039 717 4102 diem
742 4060 870 4123 prorsus
901 4038 1066 4124 neglectae
1096 4041 1298 4122 ignotaeque,

113 4135 115 4138 ’
142 4139 252 4204 titulos
274 4138 396 4222 aliquot
416 4135 584 4222 scligerem
598 4151 629 4202 et
643 4151 792 4225 quantum
806 4161 864 4224 per
877 4161 964 4221 eam,
982 4161 1045 4227 qua
1057 4138 1110 4202 hic
1122 4138 1186 4202 loci
1201 4157 1299 4200 vexa·

144 4263 232 4321 mur,
252 4239 466 4326 subsidiorum
488 4236 711 4306 litterariorum
728 4243 893 4328 penuriam
910 4240 1052 4308 licuisset
1071 4237 1247 4327 perpolitus
1268 4246 1300 4298 et
1372 4265 1373 4268 ¹
1436 4249 1439 4254 ·
1514 4255 1515 4262 “

148 4342 329 4431 explicatos
341 4338 434 4408 vobis
452 4359 670 4427 proponerem.
