3030 5002
549 249 608 266 -
666 202 758 286 229:
811 248 870 266 -·-

213 380 258 448 V.
276 385 388 444 431·-
396 385 472 444 442.
517 380 718 465 Ganymedes
740 384 910 450 intercedit
930 385 1015 468 apud
1035 382 1144 448 lovem
1165 405 1222 470 pre
1239 408 1296 471 pa·

67 529 101 552 ..
128 487 192 552 tria
219 483 316 561 urbe,
359 504 453 568 quam
474 482 763 548 vehementissume
786 485 902 550 Graeei
929 485 1066 570 undique
1099 488 1293 594 adoriuntur.
1363 543 1370 554 ,

116 587 319 690 'Orationem
339 583 413 646 inde
435 603 454 646 a
473 605 502 647 v.
523 589 597 648 438.
621 584 670 649 his
693 586 798 650 verbis
820 585 955 650 clandit.

254 707 310 751 σοι
301 681 368 749 δε
390 680 447 748 καὶ
469 679 499 748 εἰ
515 683 639 768 μέμονε
660 683 780 776 κραδίη
802 687 882 753 τάδε
901 681 1146 771 μεχανάασδαι,

207 826 210 832 ,
254 775 388 874 ερξον
371 786 451 868 εμεῦ
470 775 540 850 dno
531 781 694 906 νόσφιν
715 785 942 877 ἐλαφρότερον
963 783 1080 868 δόμοι
1101 778 1203 872 άλγος

253 877 458 963 ἕσσεται,”
425 910 476 972 ην
495 881 541 973 μη
563 880 665 972 ἔγωγε
684 881 763 971 μετ’
783 880 929 971 ὄμμασιν
951 877 1036 952 οἷσιν
1055 882 1200 1007 ι’διρμαι·

250 990 338 1052 κεῖνο
360 983 424 1077 γάρ
447 981 610 1053 οίκτιστον
631 983 688 1057 καὶ
707 984 883 1067 κύντατον,
899 983 1038 1060 ὁππότε
1059 985 1190 1076 πάτρην

80 1161 84 1168 ,
249 1087 434 1170 δυσμενέων
454 1082 562 1170 παλάι
548 1109 651 1176 μησιν
670 1087 889 1179 ἕρειπομὲνην
909 1113 961 1166 τις
981 1083 1104 1176 ἴδηται.
1261 1077 1263 1085 ’

125 1189 293 1270 Adseripsi
321 1185 443 1269 loeum,
484 1209 549 1250 non
589 1195 624 1250 'ut
651 1185 807 1276 aliquid
797 1212 831 1253 m
859 1210 898 1252 ee
930 1190 1148 1266 emendarem,
1177 1191 1235 1254 sed
1255 1199 1292 1255 ut

125 1293 239 1355 mirum
266 1285 375 1354 Nouni
405 1312 475 1355 eum
505 1287 570 1352 illis
594 1288 701 1354 verbis
730 1309 920 1386 eonsensum
945 1297 1100 1388 notarem.
1141 1289 1173 1356 ls
1204 1297 1290 1358 enim

126 1389 272 1456 XXVII
292 1396 354 1456 244
375 1413 443 1476 sqq.
465 1390 545 1454 haee
566 1387 679 1455 habet:

247 1493 335 1556 τοῖσι
356 1490 394 1557 δὲ
415 1487 555 1574 δαιννι’
524 1512 660 1558 ιενοισιν
678 1482 749 1557 άπδ
769 1492 934 1609 κρητῆρος
952 1483 1129 1580 άφόσσιον,

248 1584 399 1682 ειιχαίτης
417 1589 516 1679 μλυκδ
537 1591 654 1681 νέκταρ
676 1585 830 1677 ειρνοχόει
847 1589 1052 1678 Γανυμήδης.
1078 1630 1117 1641 -

222 1685 289 1759 ‘ed
311 1689 388 1760 τότε
410 1691 472 1783 γάρ
498 1687 666 1781 Τρώεσσιν
683 1685 850 1774 Ἀχαιικὸς
870 1685 1007 1778 ἔβρεμεν
1020 1683 1140 1782 Ἄρης,

138 1840 142 1847 -
163 1793 165 1800 ’
247 1787 294 1873 ιδς
314 1790 440 1884 πάρος,
463 1787 555 1883 όφρα
575 1787 724 1859 κύπελλα
745 1787 848 1859 πάλιν
863 1789 1051 1881 μακάρεσσι
1070 1791 1216 1885 κεράσση

239 1890 330 1984 Ἥβη
351 1893 586 1984 καλλιόδειρα,
608 1892 665 1959 καὶ
684 1885 865 1976 άθανάτιον
885 1887 963 1970 ἑκάς
984 1889 1036 1982 εἴη

250 1992 381 2085 Τριόιος
401 1993 569 2078 οἰνοχόος,
595 1991 641 2084 μὴ
666 1991 830 2083 πατρίδος
847 1985 938 2060 elaea
958 1987 1096 2084 άκοάση.

122 2095 201 2161 Sine
222 2095 319 2160 dubio
340 2113 471 2184 uterque
495 2099 632 2162 eandem
647 2096 786 2182 aliquam
805 2104 1019 2177 respexerunt
1039 2098 1161 2184 antiqui
1181 2100 1285 2163 euius·

122 2197 196 2260 dam
222 2205 339 2282 poetae
369 2202 593 2265 narrationem.
635 2197 727 2263 ¹Nam
764 2201 930 2284 quominus
957 2195 1107 2262 Nonnum
1142 2221 1186 2262 ex
1215 2199 1286 2262 solo

124 2297 245 2372 Quinto
273 2320 331 2362 sua
358 2297 503 2379 hausisse
532 2310 701 2382 putemus,
729 2299 906 2382 impediunt
930 2321 1010 2384 quae
1033 2299 1090 2362 ille
1117 2306 1286 2398 praeterea

121 2405 294 2477 intonuerat,
318 2393 546 2481 Ganymedem,
567 2422 607 2463 ne
620 2418 772 2484 praesens
791 2404 951 2482 spectaret
971 2402 1117 2482 patriae
1109 2421 1140 2462 m
1142 2404 1284 2479 teritum,

122 2520 182 2586 per
203 2497 332 2584 aliquod
352 2507 478 2581 tempus
499 2523 519 2564 a
541 2501 635 2565 deum
654 2501 809 2563 societate
831 2506 1007 2582 remotum,
1033 2523 1154 2588 proque
1185 2522 1224 2564 ee
1251 2504 1285 2564 in
1345 2563 1348 2570 .

119 2597 318 2688 pocillatoris
334 2622 447 2664 munus
467 2597 584 2666 Heben
605 2599 812 2666 substitutam
837 2621 919 2664 esse.

206 2700 249 2766 V.
270 2707 331 2766 458
354 2723 422 2788 sqq.

287 2805 432 2869 τοῖσιν
448 2827 510 2888 μεν
528 2803 683 2895 τεράεσσι
697 2803 905 2928 πιθώμεθα·
932 2803 980 2890 τῷ
1000 2798 1064 2892 γάρ
1085 2795 1192 2869 εὀικεν
1267 2803 1269 2808 ’

286 2900 415 2982 πάντας
434 2901 754 2984 επιπείθεσδαι,
736 2929 812 2972 επει
803 2902 924 2990 μάλα
946 2900 1112 3025 ρι’ρτατός
1133 2927 1222 2970 εστιν
1316 2934 1319 2940 ·

283 2998 471 3094 ιφδίμοιν
457 3028 492 3070 τε
511 3009 603 3071 θεῶν
624 2999 922 3092 δλιηοσδενέων’
886 3029 906 3069 τ
945 2999 1150 3095 άνίλριόπιον.

17 3185 22 3194 ,
119 3107 227 3172 levem
257 3109 362 3192 ipsum
383 3103 533 3172 Troianis
555 3105 708 3170 auxilium
730 3107 812 3169 ferre
835 3115 947 3192 atque,
965 3108 1027 3168 nisi
1047 3104 1162 3168 Graeci
1184 3127 1202 3167 a
1221 3123 1281 3186 pu-

104 3210 248 3293 -gnando
272 3207 447 3288 absistant,
469 3230 526 3273 ees
548 3230 659 3273 onmes
678 3209 875 3295 perditurum
898 3229 987 3286 esse,
1015 3207 1048 3268 in
1067 3206 1282 3269 antecedenti·

119 3307 181 3372 bus
203 3310 320 3373 dietum
343 3315 421 3372 erat.
465 3307 533 3373 lam
554 3312 634 3373 satis
661 3309 811 3396 languide
842 3310 1070 3372 sententiarum
1093 3329 1203 3397 cursus
1223 3307 1281 3370 illo

121 3411 261 3482 τοῖσιν
278 3411 341 3494 μὲν
360 3420 421 3475 ete.
443 3412 703 3496 interrumpitur,
729 3412 763 3474 in
786 3409 898 3494 quihus
918 3432 974 3472 our
996 3407 1163 3471 articulum
1184 3409 1282 3494 poeta
1379 3419 1386 3428 “

119 3511 265 3597 posuerit
293 3511 386 3596 plane
420 3533 485 3576 nen
493 3511 736 3632 intelligitur.
755 3508 842 3586 Quid
869 3510 1069 3574 scribendum
1099 3519 1204 3592 esset,
1235 3531 1279 3576 ex

105 3613 267 3696 sequenti
288 3611 441 3693 membro,
462 3613 526 3734 uqi„
530 3607 592 3700 γάρ
612 3605 793 3677 εὀικενειο.
796 3615 1025 3731 εμιςιιοεοίρο
1029 3617 1121 3674 terat.
1164 3611 1280 3675 Emeu-
1372 3619 1375 3628 '

122 3713 274 3776 dandum
281 3714 366 3774 enim
385 3736 457 3778 τοο
480 3715 550 3780 νῦν
570 3708 631 3796 μὲν
650 3712 804 3800 τεράεσσι
825 3722 886 3778 eto.
911 3716 933 3776 i.
959 3735 987 3777 e.
1008 3713 1129 3793 „huius
1151 3722 1279 3797 porten-

120 3815 162 3876 tis
184 3834 266 3876 nuno
286 3813 411 3898 quidem
433 3814 652 3878 elrodiarnus.“
682 3809 774 3887 erae
796 3813 869 3878 huie
889 3817 1068 3877 sententiae
1091 3813 1279 3899 opponenda

122 3916 206 3997 sint,
228 3937 268 3980 ea
288 3911 409 3978 Nestor
426 3913 533 3997 paullo
553 3921 629 4001 post
648 3936 679 3978 v.
699 3918 759 3977 471
783 3936 829 4000 sq.
852 3916 940 4000 addit
959 3914 1064 3979 hisee:

285 4005 365 4080 ἄλλ’
387 4007 433 4097 ἴοι
434 4037 481 4079 ιεν
499 4013 578 4081 ποτὶ
598 4017 695 4102 νῆας,
717 4011 792 4081 ἐπεὶ
816 4009 985 4104 Τρώεσσιν
1004 4007 1123 4105 άρήγει

284 4112 445 4203 σήμερον
466 4106 598 4234 αοτάρ
619 4111 768 4181 εἰτειτα
787 4113 844 4182 καὶ
865 4141 899 4203 η
885 4141 942 4199 ιιν
958 4118 1058 4194 κῦδος
1076 4109 1194 4204 όρέξει.

122 4211 173 4280 De
194 4237 290 4281 versu
311 4213 475 4320 sequenti,
509 4219 562 4302 qui
589 4218 623 4280 in
643 4215 759 4282 Aldina
781 4215 815 4304 et¹
835 4218 925 4284 cedd.
948 4218 1140 4304 Seheuiip.
1163 4223 1212 4282 76.
1234 4221 1280 4282 sie

119 4313 254 4401 legitur:
