3026 4992
556 258 631 310 .-÷
692 207 775 294 1oa
832 256 893 275 --
996 271 1037 290 ..

141 389 219 456 iude
240 408 337 476 posse
357 387 503 474 probum,
523 387 704 454 Meneclem
718 391 831 454 uxoris
851 395 1010 455 amantem
1022 387 1132 460 faisse.
1175 384 1237 456 llis
1250 386 1306 451 ed-

145 493 258 564 duetus
277 489 455 566 rationibus
477 490 535 556 has
556 494 723 577 proposuit
743 491 1003 570 emendationes,
1031 489 1216 554 dubitanter
1236 490 1306 573 qui-

143 595 219 674 ‚dom
239 605 274 656 ut
294 590 430 656 deoebat
450 599 517 656 tem
537 593 713 657 violentus:
734 589 792 656 καὶ
811 589 848 658 ἐκ
862 585 984 680 ταύτης.
997 593 1056 678 τῆς
1070 589 1189 668 λέξεως
1203 587 1306 674 δῆλον

144 687 199 760 ὅτι
218 689 329 781 peluis<
349 683 670 780 cinationem·
689 682 804 770 οὐδεὶς
820 690 883 782 γὰρ
903 693 1011 775 μισῶν
1030 677 1111 773 τινα1
1124 687 1305 778 κήδεται

36 835 44 844 -
144 786 284 862 αὐτοῦ.
326 791 373 858 At
398 792 577 875 utlaius,
608 815 691 880 quae
715 797 766 858 vir
789 795 992 859 doctissimus
1012 796 1193 858 eonieotura
1211 813 1303 869 peso-

143 902 238 970 outus
257 900 325 973 ast,
345 893 427 958 nibil
447 896 491 961 sit
512 894 596 979 quod
613 895 797 981 displiceat,
820 917 881 980 ego
903 903 1011 958 tamon
1023 891 1229 957 vehementer
1245 893 1303 956 dn·

142 993 229 1081 bito,
249 1015 291 1060 an
304 1015 404 1060 neruo
425 993 487 1064 bus
504 999 698 1061 mutationes
718 998 762 1060 sit
782 995 991 1082 probaturus,
1011 997 1128 1080 purtim
1150 993 1234 1078 quod
1247 997 1302 1055 ni·
1362 1007 1364 1018 ¹

142 1099 242 1160 mium
261 1095 416 1160 recedunt
431 1094 474 1159 ub
489 1117 528 1160 oo
548 1097 632 1182 quod
653 1096 728 1160 libri
748 1099 859 1182 scripti
881 1095 1058 1173 exhibent,
1079 1095 1195 1178 partim
1216 1091 1302 1179 quod

101 1284 107 1291 ἱ
142 1197 286 1264 mutandi
315 1198 457 1262 rationes
484 1199 543 1260 vix
567 1199 648 1260 satis
668 1219 783 1281 graves
809 1220 847 1264 ae
872 1197 984 1261 firmae
1014 1197 1174 1259 videntur.
1214 1189 1300 1257 Nam

142 1297 228 1385 quod
241 1295 379 1362 uerbum
398 1289 660 1381 ’ἀποβάλλεσθαι
687 1300 815 1363 adrem
839 1319 925 1378 eam,
953 1319 1015 1383 que
1036 1295 1076 1360 de
1098 1303 1207 1360 nostro
1227 1295 1301 1359 loeo
1421 1369 1424 1380 Ι

141 1399 266 1494 egitur,
286 1397 527 1483 significandum
547 1408 658 1485 aptum
679 1421 751 1480 asse
765 1391 894 1466 omnino
907 1400 1056 1484 negavit,
1076 1398 1301 1484 equidemnon

30 1563 32 1570 .
141 1522 274 1595 possum
295 1502 454 1567 assentiri.
496 1499 558 1564 Est
578 1503 663 1566 euim
683 1493 946 1585 ἇὴοβαλλεσθαι
970 1498 1125 1578 abiicere,
1150 1519 1173 1562 α
1192 1519 1227 1562 se
1247 1519 1302 1578 re-

139 1607 250 1681 mere,
271 1621 432 1668 remouere
446 1605 662 1690 (wegernensem,
682 1621 744 1666 oon
757 1601 824 1666 aiei
836 1603 982 1684 uersos),
1005 1607 1039 1666 et
1052 1601 1189 1664 refertur
1202 1600 1300 1661 etiam

142 1699 374 1782 rad-homines,
402 1723 534 1788 quorum
563 1707 633 1790 quis
652 1689 901 1769 ‚eonsuetudine-
920 1721 984 1766 non
1006 1700 1075 1766 vult
1096 1698 1231 1786 emplius
1253 1701 1301 1762 uti
1347 1691 1351 1706 ’

140 1807 223 1885 (von
241 1802 308 1866 siud
327 1808 703 1886 rossemannum),
725 1806 766 1868 ef.
786 1804 923 1869 Theoor.
946 1801 1008 1865 xl.
1033 1807 1083 1866 19.

144 1943 153 1968 ,ι
196 1959 198 1962 .
305 1892 454 1970 ὦλευκὰ
474 1903 657 1982 Γαλάτεια,
678 1903 711 1972 τί
730 1904 789 1973 τὸν
809 1898 961 1994 φιλέοντ’
973 1898 1174 1990 ἀποβάλλῃς
1273 1943 1277 1952 ,

140 2002 249 2080 Quare
268 2005 376 2091 quidni
398 2007 496 2070 etiam
515 2009 564 2085 is,
586 2008 641 2091 qui
659 2029 796 2072 uxorem
818 2029 894 2070 ase
915 2008 1036 2086 reiicit,
1064 2011 1229 2088 segregat,
1252 2003 1301 2078 ‹li-

139 2114 229 2172 catur
250 2100 323 2178 esui
343 2099 625 2190 ἇποβάλλεσθαιλ
659 2107 727 2174 lruo
749 2116 860 2194 nostro
882 2107 1009 2194 quidem
1032 2105 1105 2170 loeo
1121 2107 1300 2169 rectissime
1411 2185 1413 2190 Ι

50 2275 54 2282 ,
139 2206 201 2272 hoo
221 2209 422 2291 potissimum
442 2203 600 2284 vocabulo
621 2207 747 2292 lsaernu
770 2231 859 2272 usum
885 2231 957 2273 esse
976 2208 1102 2286 iudico,
1130 2206 1215 2290 quod
1236 2227 1301 2268 non

139 2308 181 2378 de
197 2309 339 2380 ,usurus
352 2306 509 2391 loquitur,
531 2311 615 2372 siout
630 2309 726 2393 vulgo
745 2309 818 2372 fieri
833 2309 933 2385 solet,
957 2329 1029 2371 oum
1039 2309 1171 2369 maritus
1187 2309 1301 2370 uxoris

126 2428 246 2484 ,rueres
260 2405 450 2491 :supremus
463 2427 499 2470 se
515 2406 555 2472 ab
573 2429 612 2470 ee
626 2407 696 2472 vult
709 2415 911 2493 segregatum
927 2415 961 2471 et
976 2405 1146 2470 liberatum
1168 2397 1302 2490 (ἀπαλ-

139 2505 293 2579 λάττεται
304 2498 443 2592 αὐτῆς),
466 2505 523 2570 sed
535 2505 716 2574 Meueolem
731 2511 837 2594 potius
855 2509 933 2573 dieii
950 2529 1039 2587 ase,
1056 2514 1170 2592 utpote
1183 2507 1299 2571 merito

138 2617 271 2695 psopter
294 2613 435 2672 aetatem
456 2629 569 2691 parum
591 2608 750 2674 utili-tuli
771 2611 928 2692 feminae,
956 2611 1130 2674 removisse
1150 2613 1300 2688 uxorem,

139 2713 272 2796 eumque
294 2710 426 2778 invitam
447 2714 659 2795 aequequasi
679 2711 893 2796 applicantem
911 2712 1122 2776 admonitum
1138 2710 1301 2772 reiecisse.

140 2809 237 2886 Quod
257 2831 319 2896 quo
339 2813 468 2875 nomine
483 2810 714 2896 significantius
729 2813 871 2897 potuerit
892 2813 964 2876 diei.
978 2832 1072 2898 quam
1091 2807 1189 2874 verbo
1211 2801 1302 2875 oino-

137 2908 329 2997 βάλλεαθαι
349 2911 495 2990 equidem
517 2912 704 2980 uonbabeo
726 2915 843 2978 dicere.
860 2951 900 2962 -
914 2911 962 2977 At
980 2901 1301 2998 nusquamtltuu-'vo-

140 3011 288 3080 eubulum
312 3013 354 3076 de
379 3011 439 3076 teli
460 3035 576 3078 eaussu
602 3023 789 3099 usurpatum
814 3014 942 3098 legitur.
970 3049 1011 3064 -
1038 3012 1138 3076 Reate
1159 3011 1300 3096 quidem,

140 3115 251 3180 sedne
266 3135 412 3181 oeussam
425 3116 552 3201 quidem
568 3135 698 3199 prorsus
713 3114 849 3178 similem
864 3113 943 3177 alibi
955 3118 1235 3177 commemoratam
1247 3131 1301 3175 me

139 3215 249 3301 legere
270 3218 410 3280 memini.
429 3215 539 3280 -uAt
563 3215 774 3282 acerbiussio
795 3224 885 3280 autor
897 3214 985 3302 loqui
1001 3214 1126 3278 videtur
1135 3233 1230 3298 quem
1244 3214 1301 3276 isti

141 3320 310 3385 eonvenite
323 3317 470 3381 videatur
484 3317 667 3384 eonditioui.
683 3345 723 3368 ⁴-
738 3317 808 3404 Ego
819 3339 896 3382 vero
912 3338 1041 3396 censeo,
1063 3333 1191 3380 omnem
1203 3314 1301 3377 istam
1339 3397 1341 3401 ι

142 3421 172 3482 si
193 3439 254 3503 qua
275 3427 326 3484 est
354 3417 445 3482 verbi
470 3411 734 3502 ἀποβάλλεσθαι
761 3417 968 3483 acerbitatem
996 3438 1061 3481 nou
1087 3412 1191 3478 solum
1219 3418 1300 3478 satis

142 3539 297 3603 superque
318 3519 412 3584 leniri
433 3519 542 3584 addito
563 3541 594 3584 v.
616 3519 741 3608 φιλῶν,
763 3519 821 3582 sed
842 3517 922 3581 adeo
942 3520 1014 3604 istis
1035 3519 1211 3581 ooniuuotis
1232 3523 1300 3582 tam

142 3628 236 3706 apte,
247 3628 323 3702 tam
342 3623 508 3686 commode
521 3629 623 3686 totam
635 3641 702 3686 rem
717 3642 789 3684 esse
807 3639 1013 3703 expressum,
1032 3627 1070 3684 ut
1082 3641 1146 3684 uon
1158 3619 1309 3704 potuerit.

78 3739 82 3752 “
141 3719 268 3787 melius.
295 3718 447 3788 lieiieitur
463 3727 547 3788 euim
556 3719 663 3802 uxor,
685 3743 766 3808 quae
782 3717 912 3786 sincero
924 3721 1138 3806 complectens
1151 3722 1299 3782 maritum

141 3843 250 3890 eruore
264 3824 296 3888 vi
316 3823 417 3888 invita
435 3823 478 3888 ab
496 3827 568 3910 ipso
587 3825 729 3888 redditur
746 3821 907 3887 frutribus.
938 3821 998 3886 Ille
1017 3841 1096 3884 vero
1115 3841 1224 3884 amore
1243 3821 1300 3883 du-

142 3931 213 3990 etus
232 3925 338 3988 reiicit
354 3938 451 4005 eum,
477 3925 585 4014 φιλῶν
611 3916 859 4014 ἆποβάλλεται,
890 3927 919 3988 si
938 3933 979 3986 eo
1001 3921 1034 3986 id
1055 3921 1134 3984 feeit
1154 3919 1299 4002 oonsilio,

142 4042 206 4114 quo
225 4024 341 4090 melius
360 4023 497 4088 feminae
518 4027 738 4111 prospieietur.
918 4030 921 4043 '

146 4173 158 4183 .-
226 4125 396 4213 Reliquum
422 4131 488 4205 est,
514 4133 553 4190 ut
578 4129 676 4191 etiam
703 4123 841 4192 λκετεύει
868 4121 959 4211 αὐτῷ
977 4131 1066 4213 reete
1087 4123 1206 4187 dietum
1227 4141 1299 4185 esse
1346 4209 1348 4213 ι

116 4274 120 4280 -
144 4230 325 4296 &mamus
367 4225 475 4313 Atque
495 4228 530 4290 in
550 4225 764 4316 bisquidem,
785 4225 979 4306 uisitetur,
999 4227 1048 4290 vir
1070 4227 1208 4310 optimus
1233 4227 1301 4308 opi-

143 4331 242 4400 nione
262 4331 480 4418 pmeiudioste
497 4328 649 4396 seductus
668 4332 773 4395 miuus
786 4349 892 4416 quam
907 4349 966 4414 per
986 4334 1056 4392 eret
1075 4327 1117 4394 ud
1132 4323 1302 4392 vorborum
