3026 4992
112 1377 230 1504 Quod
254 1414 287 1476 in
319 1410 370 1476 his
391 1414 472 1478 actis
502 1413 669 1478 societatis
692 1411 1046 1496 graecaeooniecturas
1068 1409 1220 1496 quasdam
1240 1412 1274 1473 in
1335 1479 1336 1483 Ἰ

20 1531 24 1538 ’
109 1513 319 1600 Antiphontis
329 1520 331 1524 '
343 1515 505 1590 orationes
527 1520 562 1578 et
572 1511 690 1598 Lysiae
704 1514 882 1600 fragmenta
893 1503 1083 1576 inserendas
1096 1513 1230 1589 curavi,
1241 1511 1275 1573 id

110 1637 175 1684 non
190 1617 273 1696 leci,
295 1616 379 1702 quod
401 1616 591 1682 crediderim
606 1637 663 1692 ,me
678 1615 813 1696 multum
829 1613 1036 1679 emolumenti
1054 1633 1125 1676 esse
1146 1614 1181 1676 in
1198 1610 1274 1674 illos

110 1721 282 1804 scriptores
295 1715 509 1782 emendandos
526 1716 811 1803 explanandosque
825 1715 1032 1794 collaturum,
1054 1714 1111 1777 sed
1130 1715 1273 1776 maxime

110 1819 194 1905 quod
216 1817 336 1882 nullam
360 1820 560 1882 occasionem
577 1820 646 1882 vidi
671 1821 774 1904 magis
796 1819 963 1897 idoneam,
985 1837 1048 1902 qua
1067 1825 1197 1900 possem
1220 1813 1274 1878 vel

109 1917 274 2006 publicum
301 1921 432 2004 pietatis
457 1921 492 1984 in
520 1918 764 1986 dilectissimum¹
788 1927 1029 2006 praeceptorem
1055 1918 1151 1991 edere
1176 1916 1273 1978 docu-

107 2029 270 2101 mentum,
292 2020 345 2085 vel
366 2022 541 2108 gratissimi
559 2019 647 2086 illius
669 2025 842 2108 temporis,
865 2043 927 2108 quo
952 2017 1123 2104 'disciplina
1147 2019 1216 2080 eius
1240 2024 1274 2079 et

106 2124 313 2188 institutione
338 2121 733 2210 utebar,·amicorumque
755 2125 809 2210 qui
834 2144 899 2186 una
920 2141 1046 2185 mecam
1064 2116 1274 2182 conventibus

107 2224 175 2290 illis
187 2225 352 2289 societatis
365 2231 495 2289 aesinae
509 2228 686 2288 intererant
700 2227 806 2288 animo
819 2245 893 2288 meo
910 2243 1063 2286 renovare
1077 2221 1273 2282 memoriam.

107 2324 221 2410 ltaque
234 2323 315 2388 hane
329 2325 534 2406 scriptionem
545 2327 593 2388 ita
605 2324 657 2388 his
670 2324 786 2387 litteris
800 2324 982 2387 mandatam
992 2320 1091 2400 volui,
1105 2321 1188 2384 acsi
1202 2337 1274 2382 eam

107 2426 173 2510 ipsi
190 2421 409 2486 illustrissimo
423 2424 563 2508 praesidi
577 2430 687 2486 nostro
704 2423 906 2490 iudicandam
920 2422 1140 2499 tradidissem,
1162 2421 1274 2482 nnum-

107 2547 172 2606 que
196 2545 241 2588 ex
258 2524 378 2586 nostris
395 2523 606 2604 invenissem,
629 2527 683 2610 qui
698 2545 823 2589 mecum
842 2527 876 2588 in
891 2529 1044 2588 consueto
1064 2541 1217 2585 consessu
1233 2521 1273 2584 de

108 2647 150 2691 ea
179 2625 367 2710 disputaret.
411 2622 520 2700 Quare
547 2628 674 2691 veniam
702 2647 754 2690 me
781 2628 1023 2711 impetraturum
1052 2643 1125 2687 esse
1151 2618 1273 2707 putari,
1304 2657 1309 2670 ι

108 2725 195 2814 qnod
220 2724 400 2790 huiusmodi
422 2725 514 2793 loeas
534 2726 641 2814 elegi,
658 2727 835 2815 dequibus
851 2726 970 2812 largior
985 2730 1073 2790 esset
1091 2723 1275 2808 disputandi

108 2829 278 2893 materiest
305 2825 366 2894 hoc
385 2830 470 2894 enim
490 2832 562 2915 ipsa
582 2830 868 2915 disputandi'ratio
894 2830 966 2893 fert.
1008 2825 1046 2890 ln
1074 2823 1147 2889 aliis
1175 2827 1275 2909 igitur

108 2929 207 3010 locis,
227 2930 262 2992 in
279 2928 485 3016 quibussnnt
505 2930 577 2995 sola
598 2930 698 2996 verba
716 2940 882 3016 corrupta,
903 2929 979 3017 qnid
995 2929 1117 2992 dixerit
1138 2927 1274 3012 scriptor

109 3052 168 3116 pro
188 3037 277 3095 certo
300 3028 453 3096 affirmari
475 3033 617 3118 poterit,¹
636 3030 864 3117 aliis‚·qaibus
891 3053 955 3096 non
979 3029 1082 3094 solean
1104 3028 1273 3094 verbade-

109 3138 243 3217 pravata
252 3133 468 3214 ,continentun
488 3134 658 3198 sedetiam
672 3153 731 3218 per
743 3132 974 3218 negligentiam
985 3151 1164 3196 erroremve
1177 3151 1274 3216 quae·

110 3235 183 3298 dam
203 3234 325 3298 cmhsa
347 3242 436 3316 sunt,
457 3238 649 3300 nonnisi-ex
673 3239 765 3320 parte
787 3233 957 3299 subvenire
980 3229 1111 3313 licebit,
1138 3231 1274 3296 aliorum
1352 3302 1355 3310 ⁸

110 3336 264 3420 denique,
292 3332 346 3422 qui
360 3337 516 3422 -qnoniam
537 3335 616 3401 solis
642 3335 765 3401 lacunis
788 3334 938 3402 laborant
958 3336 1124 3421 personari
1144 3335 1273 3398 omnino

109 3445 290 3522 nequeunt,
311 3439 504 3502 sententiam
526 3439 650 3502 ¹eruisse
672 3441 753 3502 satis
767 3436 967 3501 habebimus.
1011 3435 1273 3500 coniecturarum

110 3546 220 3603 autem
238 3558 276 3601 ae
292 3540 506 3624 suspicientum
527 3542 561 3604 in
578 3538 776 3604 orationibus
791 3535 999 3622 Antiphontis
1016 3545 1050 3602 et
1068 3541 1102 3602 in
1114 3537 1273 3622 fragmen·

110 3642 154 3705 tis
167 3630 313 3722 Lysiaois
323 3642 483 3724 spatiosus
495 3648 587 3726 patet
604 3661 742 3726 campus.
785 3637 994 3726 Antiphontis
1011 3642 1097 3704 enim
1112 3642 1275 3704 orationes

111 3747 164 3805 tot
188 3761 229 3804 ac
250 3742 348 3804 tantis
369 3741 470 3806 adhuc
492 3746 726 3808 contaminatae
751 3748 827 3806 sunt
850 3743 957 3820 vitiis,
979 3748 1016 3805 ut
1037 3743 1107 3804 sine
1127 3738 1276 3803 emenda·

111 3844 200 3906 tione
221 3839 274 3904 hic
297 3837 365 3904 illic
384 3861 425 3905 ne
445 3843 583 3929 intelligi
600 3846 728 3930 quidem
748 3848 877 3924 queant.
921 3840 1060 3906 Conanti
1074 3844 1174 3928 igitur
1196 3839 1276 3904 mihi

111 3940 322 4008 coniectando
336 3961 381 4004 ex
398 3941 520 4029 aliquot
537 3945 653 4010 har-om·
663 3947 842 4012 orationum
855 3942 936 4007 locis
953 3945 1031 4007 vitia
1047 3945 1277 4028 spurcitiasque

111 4041 228 4107 tollere
242 4040 425 4108 nerillorum
439 4045 566 4130 quidem
580 4055 650 4128 est,
668 4052 705 4111 ut
715 4047 846 4130 opinor,
868 4045 988 4109 invidia
1006 4043 1276 4132 reprehensioque

112 4145 275 4226 timeer
296 4145 350 4231 qui
370 4146 621 4213 coniecturarum
642 4147 704 4214 hoc
723 4153 869 4232 tempore
892 4149 1053 4231 parciores
1073 4167 1161 4226 eam,
1184 4167 1293 4231 quam·
1321 4170 1333 4183 ··

115 4252 243 4310 veteres
265 4249 367 4312 critici
387 4247 422 4312 in
443 4247 676 4334 suspicionibus
699 4248 865 4324 movendis
892 4246 1062 4334 verbisque
1084 4247 1279 4333 corrigendis
1347 4263 1360 4289 ³¹

115 4346 352 4438 probaverant,
365 4350 575 4438 sagacitatem
589 4349 630 4415 ad
643 4354 784 4418 ratioms
799 4349 1038 4438 expromendas
1051 4348 1203 4414 adhibent
1210 4394 1221 4432 ,
1239 4369 1282 4411 ne
