3026 4992
422 322 426 336 x
558 159 883 302 -ιιιὲ
964 281 965 284 ¹

223 395 275 463 At
291 398 426 482 priunum
448 377 575 484 quidem
603 400 711 482 insani
725 397 875 462 mutandi
901 401 1057 464 rationem
1076 397 1213 484 probare
1233 417 1298 468 nou

139 521 234 584 queo.
277 497 372 583 Nego
401 487 485 562 enim
513 498 597 562 l'saei
623 498 738 579 verba,
767 505 849 586 *quae
863 497 1019 584 'leguntur
1039 499 1183 565 inlibris
1207 525 1296 584 rnss.,·

139 622 204 663 non
221 611 318 684 pesse
341 599 437 662 aliam
459 598 577 664 habere
596 602 660 663 vim
681 599 875 678 nisirhauc,
892 601 1060 684 adoptivos
1086 599 1299 680 ἕπιὸικααίας

137 703 306 764 instituere
318 709 387 780 ,ut
409 700 465 765 alii
485 705 660 787 quicunque
683 724 707 764 a.
723 701 862 785 peteuda
883 699 1060 765 hereditate
1083 703 1297 771 excludantur.

115 799 266 876 ¹Deinde
296 823 370 865 vero
399 813 463 866 non
492 804 649 883 concedo,
678 807 773 866 istam
802 799 896 888 quam
924 804 1032 866 dieunt
1065 803 1195 868 duarum
1223 827 1299 871 com

139 907 347 972 structionem
376 903 594 968 confusionem
621 903 729 968 locum
754 925 850 989 posse
879 902 1008 971 habore.
1051 901 1134 968 Nam
1161 907 1189 968 si
1209 911 1321 972 erm·

138 1007 209 1088 pias
229 1025 283 1080 eas
303 1011 486 1084 stmctures,
509 1027 586 1091 quas
606 1006 720 1068 iniuria
742 1007 810 1070 'isto
833 1007 958 1068 nornine
988 1002 1066 1069 olim
1086 1002 1298 1089 appellarunt,

140 1104 344 1189 velutquam
365 1127 459 1190 supra
481 1109 662 1190 attigimus:
686 1101 790 1183 οὕτως
808 1099 896 1186 ἔχετε
916 1101 977 1191 τὴν
1001 1099 1132 1192 γνώμην
1161 1098 1207 1183 ὡς
1229 1101 1299 1174 iu'ra

140 1213 198 1282 τος
219 1203 317 1289 ἐμοῦ,
347 1205 408 1288 rel„
428 1229 508 1292 quae
536 1209 693 1292 reperitur
721 1207 805 1291 apud
825 1205 956 1292 Antiph.
979 1204 1054 1285 1.,9.
1078 1210 1126 1269 17.
1155 1201 1301 1285 ἔδοξεν

141 1299 304 1395 αὐτῇ*
321 1307 437 1373 δοῦναι
457 1342 496 1356 ·—-
513 1303 584 1391 ἅμα
607 1308 882 1387 διακονοῦσα,
911 1307 950 1375 dc
978 1327 1041 1390 qua
1069 1307 1164 1372 multi
1191 1309 1300 1374 multis

140 1406 221 1472 locis
248 1407 376 1473 uberius
399 1417 635 1494 exposuerunt,
662 1411 696 1474 id
717 1431 817 1494 genus
839 1408 919 1473 alia:
951 1411 1004 1492 qui
1037 1417 1207 1492 supersunt
1224 1409 1299 1490 loci,

142 1509 255 1594 quibus
276 1512 377 1574 istam¹
398 1512 522 1575 dicendi
548 1512 683 1576 formam
703 1515 771 1575 iure
800 1511 887 1574 dicas
915 1507 1091 1572 adhibitam
1114 1517 1209 1592 esse,
1237 1515 1300 1578 nisi

141 1615 291 1698 corrupti,
312 1607 395 1676 tales
416 1620 506 1693 sunt,
529 1621 564 1677 ut
584 1617 669 1677 iusta
689 1611 793 1676 ubivis
815 1617 957 1676 mutatae
977 1617 1156 1676 structurae
1181 1613 1300 1678 intelli·

140 1722 234 1796 gatur
256 1704 377 1779 caussa.
419 1711 481 1778 Hic
501 1736 694 1802 veroquam
716 1714 756 1778 ob
778 1735 847 1776 rem
867 1720 1014 1796 putemus
1035 1712 1175 1776 datiuum
1192 1716 1226 1776 iu
1243 1723 1299 1799 ap-

140 1817 301 1898 positione
323 1835 395 1878 esse
413 1819 633 1900 positumpro
647 1814 816 1902 'genitivol
857 1811 956 1878 Nulla
978 1819 1028 1876 est
1048 1813 1202 1896 proiecto.
1232 1813 1300 1880 De-
1335 1858 1339 1868 ι

142 1918 236 2001 nique
256 1903 505 2000 utssaccipiamus
519 1920 613 1980 istam
626 1939 756 1981 casuum
770 1916 947 2000 enallagen,
970 1937 1064 2000 quam
1079 1914 1157 1978 olim
1172 1918 1299 2002 quidam

143 2019 233 2102 quasi
254 2017 431 2080 rrrarhinam
461 2019 634 2104 quandam,
663 2038 747 2104 quae
770 2016 970 2082 incredibilia
997 2024 1109 2100 posset
1135 2017 1300 2083 credibilia
1339 2013 1341 2018 ’

141 2119 279 2198 facere,
298 2118 379 2183 locis
402 2120 665 2204 implicatioribus
700 2118 930 2198 admovebant,
968 2139 1135 2203 quamnam
1171 2121 1300 2186 taudem
1410 2158 1424 2168 ν

143 2217 332 2283 habebimus
354 2221 567 2284 sententiam‘.l
608 2221 758 2286 Proiecto
786 2219 900 2298 talem,
930 2225 1023 2304 quam
1051 2241 1145 2282 nemo
1174 2218 1299 2304 probati

77 2363 80 2368 -
142 2319 215 2383 Hoc
238 2323 322 2382 enim
344 2321 419 2404 quid
442 2324 502 2384 sit:
523 2320 660 2384 facultas
682 2345 701 2384 a
723 2318 863 2404 quolibet
880 2321 1094 2383 instituendae
1115 2319 1301 2385 actionistit

144 2419 281 2483 omnibus
302 2427 475 2504 quicunque
505 2421 696 2483 contremere
720 2419 843 2510 uelint?
888 2415 1057 2490 Quomodo
1088 2419 1222 2484 tandem.
1240 2419 1301 2484 ali-²

143 2523 214 2606 quis
236 2519 354 2585 hahere
375 2528 485 2607 potest
505 2519 690 2584 facultatem
712 2521 847 2584 actionis
869 2517 1048 2604 equolibet
1065 2522 1301 2598 instituendaei
1393 2553 1397 2562 »

48 2669 52 2680 ,
143 2621 250 2707 Atque
271 2626 299 2685 si
320 2621 382 2685 hoc
404 2623 508 2686 dicere
530 2619 632 2692 volarit
648 2621 905 2698 Schoemannus',
935 2615 1148 2688 ἐπιδικασίαν
1173 2625 1302 2689 iustitu-

144 2731 210 2787 tam
230 2745 362 2808 csse-eo
385 2723 519 2792 consilio
542 2721 585 2794 ab,
604 2720 784 2800 heredibus,
806 2729 851 2786 ut
863 2711 1221 2810 omnibus,quicunque
1236 2726 1301 2791 vel-

143 2822 221 2903 lent,
242 2813 510 2910 licereteandem¹
533 2833 644 2909 petere
671 2823 899 2903 hereditatem,
928 2822 1036 2905 rideat
1073 2845 1114 2888 ne
1137 2829 1303 2894 :actionem

145 2924 184 2989 ab
212 2925 382 2988 heredibus
416 2927 595 2988 institutam
629 2945 700 2988 esse
730 2924 872 3004 dixerit,
906 2946 975 3010 ,qua
1006 2922 1069 2987 sibi
1102 2945 1167 2990 non
1196 2929 1303 2994 solum

143 3025 222 3094 nihil
244 3027 395 3106 afferrent
420 3025 586 3105 utilitatis,
615 3025 672 3088 sed
699 3027 796 3087 etiam
818 3025 925 3108 plures
947 3035 1113 3090 moverent
1135 3023 1304 3094 difficultis

143 3137 204 3190 ter.
216 3181 222 3196 ,.
248 3127 416 3203 Quomodo
439 3137 547 3192 autern
563 3128 700 3196 omnino
714 3127 798 3188 actio
818 3127 881 3188 ista
901 3127 1024 3188 institui
1046 3128 1167 3209 potuit,
1183 3135 1220 3190 ut
1237 3131 1303 3196 cui-¹

146 3249 206 3312 que
226 3228 340 3314 liceret
369 3237 478 3312 petere
507 3228 737 3306 hereditatem,
770 3235 842 3290 cuin
865 3227 900 3290 id
923 3226 1051 3290 licuerit
1075 3225 1128 3290 vel
1155 3227 1304 3311 neglecta

146 3331 269 3393 actione
297 3329 381 3396 istut
430 3329 483 3395 Αιι
508 3333 671 3416 quisquam
690 3329 813 3392 *credat
838 3330 1068 3412 non'petuisse
1097 3347 1117 3389 ιι
1146 3349 1303 3413 quoquam

144 3429 213 3513 peti
241 3429 561 3511 hereditatem,.uisi
588 3425 801 3496 ἐπιδικασίαν
828 3432 1024 3492 instituisset
1047 3431 1099 3508 is,
1122 3431 1175 3513 qui
1203 3435 1303 3494 tostas

60 3537 61 3542 ’
146 3535 254 3592 mento
276 3540 362 3595 esset
380 3531 575 3616 adoptatusi
625 3546 628 3549 “
695 3587 698 3592 .
729 3563 731 3572 ·

231 3626 321 3702 Quae
341 3655 412 3697 cum
437 3636 484 3696 ita
504 3636 585 3710 sint,
615 3631 827 3696 Schoemanni
855 3621 1103 3715 disputationem
1128 3629 1301 3713 Sohillero,

114 3797 121 3812 ,
146 3733 200 3816 qui
223 3731 257 3820 in
279 3733 337 3811 iis,
360 3755 439 3818 quae
460 3734 501 3798 ad
521 3733 653 3798 Sluiteri
671 3733 761 3798 lectt.
775 3723 898 3796 Andec,
919 3754 950 3816 p.
967 3735 1037 3794 104.
1058 3733 1201 3816 scripsit,
1220 3757 1300 3804 eun·
1379 3732 1381 3742 ’

148 3830 348 3895 domincum
373 3837 497 3918 attigit,
524 3855 589 3913 non
620 3856 700 3912 esse„
717 3832 883 3921 probatam
905 3854 969 3896 nou
995 3833 1103 3896 miror.
1146 3833 1212 3898 Sed
1240 3857 1303 3920 qua

146 3935 215 4018 ipse
238 3935 285 3998 vir
298 3935 515 4015 amicissimus
531 3934 577 3998 ibi
597 3955 673 4001 usus
691 3942 746 3999 est
766 3935 977 4016 descriptione
998 3936 1101 4019 magis
1122 3942 1301 4007 sententiae
1399 3955 1402 3961 ’

147 4057 240 4124 quam
263 4032 490 4114 translatione,
512 4057 583 4098 earn
613 4033 732 4101 nollem
759 4037 931 4110 adiectam
958 4035 1059 4100 multa
1088 4039 1171 4101 euim
1193 4041 1302 4103 insunt

147 4135 259 4220 quihus
279 4139 394 4200 ruerite
411 4135 591 4202 ofl'endaris.
623 4135 771 4224 'Scripsit
794 4147 901 4202 autem
919 4137 1015 4200 haec:
1033 4158 1105 4217 „ne
1129 4148 1300 4207 concursum

147 4258 266 4318 eorum,
289 4237 343 4324 qui
361 4235 458 4324 iacile
482 4240 619 4302 excitari
638 4243 763 4318 possint
786 4241 955 4325 praeconis
981 4241 1225 4324 provocatione,
1253 4243 1302 4302 nis

145 4339 205 4402 ruis
226 4359 358 4426 irruguus
376 4337 443 4420 fiat,
464 4341 642 4418 necessitas
660 4339 1014 4427 postulat,.·praccipue
1028 4333 1078 4426 Ιοἱ1
1099 4336 1184 4405 κατὰ
1209 4334 1301 4424 γένος
