3044 4986
391 295 395 313 ,
472 189 859 323 .''-15-,-

131 403 246 499 δ16ιιερ
272 397 358 474 καθ’
373 399 497 494 ἑτέρας,
515 401 626 494 θύρας
648 399 835 490 ἐπεισάγων
858 405 901 494 τῇ
926 405 1029 495 ψυχῇ.
1071 402 1293 490 corruptelam

132 514 236 596 arguit
252 523 284 573 et
297 509 454 572 sententia
469 517 501 570 61
510 504 662 570 librorum
675 508 839 590 scriptura.
881 503 952 572 nat
973 518 1047 569 ante
1063 503 1185 595 ταύτην
1202 504 1293 570 Reis-

132 612 206 676 ldus
222 610 363 675 deletum
378 605 491 686 voluit,
516 605 762 692 suffragantibus
775 606 850 670 Ald.
867 605 942 671 Bas.
974 603 1140 690 Wyttenb.
1154 606 1295 692 simplex

131 711 192 801 σὴν
214 733 259 776 ex
281 708 357 775 Bas.
379 707 457 790 Xyl.
480 705 565 774 Mer.
587 708 674 772 dedit
695 730 753 792 pro
781 705 913 797 σαόσιγν.
963 706 1112 771 Sed'hoc
1134 721 1182 772 est
1204 703 1294 772 uleus

134 811 458 899 ernplastris'tegero,
479 829 543 872 non
555 817 682 880 sanare.
715 807 836 872 Veram
850 809 1035 892 scripturam
1047 817 1295 874 commonstrant

133 914 210 979 libri
226 913 302 992 616.ι
314 913 349 973 E.
363 906 479 973 Venet.
496 908 598 974 Palat.
613 908 688 974 Vat.
704 913 758 995 qui
773 907 928 973 exhibent
942 909 1047 974 ταῦτα
1062 905 1120 994 τὴν
1139 905 1225 974 κατὰ
1240 945 1293 974 -.

134 1012 207 1090 Qua
228 1033 305 1078 usus
324 1010 703 1090 emendandum-censeo:
731 1004 948 1098 ἡδυπάθειαν
965 1000 1190 1096 raucitate
1210 1007 1295 1076 κατὰ
1349 997 1352 1009 ’

132 1112 174 1181 σὰ
202 1105 348 1198 όμματα.
387 1109 470 1174 Ρ161.
490 1114 544 1174 vit.
567 1111 713 1234 Pompei.
728 1134 762 1197 p.
778 1115 850 1174 643.
865 1110 904 1174 Ε.
936 1113 1010 1188 τοῖς
1029 1103 1165 1198 ἥκουσιν
1184 1101 1295 1176 6166-

135 1209 301 1291 κλείσας
332 1208 405 1300 criu
436 1201 662 1296 αὔλειονε
648 1210 827 1300 ετέραις
847 1210 1006 1334 δόραις
1038 1201 1140 1296 ᾤχετο
1173 1203 1296 1279 ἆπιιόν.

137 1315 245 1399 Symp.
268 1310 440 1389 Quaestl.
454 1319 484 1376 2.
476 1336 529 1399 ..p
521 1318 615 1378 617
628 1313 669 1378 Α
709 1311 806 1391 δέδια
830 1309 878 1402 μή
905 1313 1055 1396 δοκῶμεν
1073 1333 1120 1400 σῃ
1105 1303 1295 1416 αὐλείῳ

135 1414 193 1484 τόν
211 1417 319 1504 τῦφον
339 1407 693 1495 ἀποκλείοντες’
664 1411 807 1502 εισάγειν
823 1437 868 1502 τη
853 1409 1141 1504 ’παραθύριρ
1313 1431 1314 1434 ’

552 1669 556 1678 ,
660 1581 768 1666 Vll.

52 1785 55 1794 .
211 1725 418 1791 Poedissime
438 1738 602 1811 cormptus
615 1725 782 1791 Plutarchi
792 1686 882 1790 loeus
899 1683 1041 1812 legitur'
1031 1746 1064 1790 m
1078 1721 1162 1788 libre
1181 1724 1223 1788 de
1244 1743 1298 1789 cu·

132 1828 275 1918 pide‘tcte
302 1817 536 1915 dicitebmmp.
555 1833 626 1894 626.
645 1827 694 1893 Α.
732 1825 915 1908 Βυζάντιόν
947 1851 1030 1894 τινα
1055 1823 1208 1912 λέγουσιν
1238 1823 1299 1891 ἐπὶ

137 1925 320 2018 δυσμόρφῳ
341 1925 471 2014 γυναικὶ
487 1926 608 2014 μοιχόν
633 1923 773 2018 εὑρόντα
794 1923 913 1996 εἰπεῖν·
943 1917 986 1992 Ω
1007 1919 1266 2014 σαλαίπωρε,τ
1246 1921 1298 2004 τίς

127 2019 278 2118 ’ἆνόγιιιγ,
307 2029 562 2120 σαπραγόρα
582 2026 719 2120 προίξ.
759 2030 822 2096 Hic
835 2030 940 2111 locus,
962 2031 1036 2116 quia
1049 2026 1210 2090 Plutarchi
1226 2048 1298 2090 ora-

138 2131 183 2192 116
207 2132 292 2192 iusto
310 2129 438 2196 brevior
455 2144 505 2195 est
525 2144 557 2195 et
577 2133 756 2222 adstrictior
779 2132 995 2218 librorumque
1013 2131 1167 2213 scriptura
1181 2131 1298 2193 misere

138 2231 326 2315 depravata,
346 2233 412 2296 diei
433 2235 490 2296 vix
510 2245 633 2316 potest,
661 2243 740 2319 quot
755 2245 788 2299 et
807 2246 921 2321 quanta
934 2233 1062 2317 negotia
1075 2229 1299 2314 interpretibus

137 2327 345 2394 facessirerit.
388 2331 456 2395 Sed
469 2345 502 2395 ut
512 2345 599 2396 recto
612 2335 757 2419 stet'talo
772 2347 880 2398 nostra
894 2333 1083 2416 disputatio,
1105 2342 1177 2392 ante
1192 2326 1300 2394 omnia

139 2428 339 2514 exquirenda
362 2433 424 2494 erit
443 2433 670 2504 sententiarum
695 2416 866 2498 connexio.
914 2427 1101 2496 Plutarchus
1121 2431 1180 2509 ait,
1211 2433 1300 2494 avari

139 2524 346 2614 cupiditatem
368 2551 528 2619 nunquam
547 2529 691 2616 expleri,
719 2555 791 2596 cum
810 2531 881 2614 alii,
910 2535 964 2620 qui
984 2528 1037 2596 vel
1056 2534 1230 2596 naturaevi
1246 2531 1300 2612 vel

139 2630 312 2698 ambitione
340 2631 382 2694 ad
406 2631 547 2696 facinora
572 2635 754 2719 turpissima
774 2635 927 2721 patranda
955 2636 1151 2727 incitentur,
1181 2631 1267 2696 ubi
1258 2635 1330 2698 ds·
1418 2629 1422 2654 ¹

139 2757 222 2821 quae
243 2733 479 2840 concupiverim
499 2723 591 2819 p'otiti
613 2737 693 2816 siut,
716 2739 853 2822 quietem
865 2750 960 2823 agant
979 2747 1011 2800 et
1026 2737 1124 2821 partis
1145 2735 1299 2800 fruamur.

137 2830 249 2900 lam
221 2857 280 2919 pro
293 2853 351 2913 eo,
372 2833 457 2918 quod
470 2834 578 2900 dicero
588 2840 692 2920 potuit
706 2831 851 2919 uberior,
866 2836 999 2917 multos,
1016 2840 1149 2928 quirem
1162 2834 1301 2900 habeant

138 2959 212 3012 cum
231 2933 417 3000 mulieribus
440 2935 654 3017 deformibus,
689 2937 843 3003 naturalis
865 2940 1070 3024 appetitionis
1102 2950 1134 3003 et
1158 2933 1301 3002 libidinis

139 3039 367 3104 immoderatae
389 3038 423 3100 ui
444 3027 605 3126 (ἄνᾶγιςρ,
632 3059 664 3102 v.
685 3038 758 3102 Ast.
773 3040 815 3102 ad
832 3038 911 3103 Plat.
927 3037 1062 3103 Phaedr.
1077 3061 1109 3124 p.
1124 3043 1196 3102 264.
1212 3037 1316 3123 462.)

140 3141 182 3204 ad
194 3140 227 3203 id
243 3137 417 3216 stimulari,
440 3138 498 3202 sed
511 3147 619 3204 tarnen
634 3139 828 3225 voluptutem
847 3143 1027 3225 percipere,
1047 3161 1135 3204 more
1156 3161 1214 3203 suo
1232 3142 1300 3226 qui÷

139 3239 274 3306 busdam
291 3241 418 3334 omissis
434 3239 544 3304 doetus
559 3243 693 3327 scriptor
706 3240 889 3327 exemplum
908 3243 1015 3328 posuit
1033 3238 1179 3324 Byzantii
1196 3242 1301 3304 cuius-

141 3343 230 3422 dam,
259 3337 475 3427 qui‘adultero
499 3363 569 3406 cum
590 3365 694 3408 uxore
717 3343 851 3422 deformi
878 3341 1076 3427 deprehenso
1107 3343 1241 3418 dixerit:
1279 3363 1300 3405 o

141 3447 250 3524 mirer,
272 3465 353 3528 quoe
366 3449 538 3509 6666616166
549 3453 582 3508 te
594 3446 728 3529 adegit?
770 3441 863 3508 6661.
876 3440 996 3508 Lacon.
1010 3441 1171 3529 Apophth.
1186 3464 1217 3526 p.
1219 3443 1300 3508 236.

141 3540 180 3605 E.
216 3541 330 3626 λαβών
347 3567 398 3624 τις
421 3544 542 3631 μοιχὸν
563 3538 625 3613 ἐπ’
645 3541 766 3635 αἰσχρᾷ
790 3540 937 3633 γυναικί·
960 3535 1102 3623 Ἥλιε,
1124 3533 1215 3624 εἶπε,
1237 3537 1302 3623 εἰς

141 3665 209 3708 τοι
230 3633 407 3732 ανάγιια,·
449 3645 522 3710 Hoc
540 3648 636 3712 modo
658 3651 817 3716 sententia
839 3649 1008 3711 constituta
1031 3648 1130 3710 tutius
1152 3647 1302 3733 progredi

141 3742 266 3822 licebit,
289 3757 321 3806 ut
340 3751 496 3830 genuinae
518 3748 665 3814 lectionis
683 3750 946 3814 restituendae
917 3770 970 3813 vra
988 3749 1174 3811 inveniatur.
1216 3745 1302 3811 Nam

142 3849 189 3910 uti
208 3867 291 3910 nunc
304 3845 393 3911 locus
409 3851 537 3914 in2edit.
555 3854 691 3937 scriptus
708 3859 834 3932 extat,
854 3871 957 3936 neque
977 3861 1151 3913 monstrum
1169 3853 1301 3934 seriptu-

142 3969 197 4012 rae
217 3943 433 4036 σαπραγόρα,
467 3952 552 4036 quod
572 3951 699 4017 1666616
722 3954 850 4040 quidam
872 3941 1035 4035 explicare
1056 3961 1109 4012 aut
1123 3955 1302 4016 emendare

144 4051 288 4133 aggressi
304 4059 394 4126 sunt,
414 4048 481 4114 ullu
504 4054 599 4118 modo
624 4053 753 4142 tolerari
771 4062 893 4140 potest,
910 4073 1015 4138 neque
1028 4048 1109 4113 illud
1125 4045 1230 4138 προίξ
1244 4053 1309 4114 e'x·

141 4149 294 4234 plicatum
316 4147 413 4214 habet
434 4151 593 4218 idoneum.
636 4155 703 4221 Sed
722 4159 927 4241 interpretum
949 4155 1026 4228 satis
1045 4149 1205 4216 mirabilia
1217 4171 1304 4214 com·

146 4263 255 4316 meme
276 4250 405 4318 silentio
424 4273 569 4338 premere
587 4269 620 4318 et
641 4259 709 4321 sine
729 4256 805 4321 ullis
822 4252 1008 4338 ambagibus
1029 4253 1063 4316 id
1083 4252 1168 4337 quod
1182 4273 1236 4315 res
1254 4263 1304 4312 est

144 4354 249 4418 dicere
264 4351 448 4438 praestabit.
472 4353 520 4422 Ao
533 4358 671 4441 primum
683 4359 810 4446 quidem
820 4355 1091 4440 inilloeorrupto
1104 4347 1305 4440 σαπραγόρα

699 4687 703 4696 ·
762 4674 775 4708 Ι
