<?xml version="1.0" encoding="UTF-8"?>
<!DOCTYPE html PUBLIC "-//W3C//DTD XHTML 1.0 Transitional//EN"
    "http://www.w3.org/TR/xhtml1/DTD/xhtml1-transitional.dtd">
<html xmlns="http://www.w3.org/1999/xhtml" xml:lang="en" lang="en">
 <head>
  <title>
</title>
<meta http-equiv="Content-Type" content="text/html;charset=utf-8" />
  <meta name='ocr-system' content='tesseract 3.04.00' />
  <meta name='ocr-capabilities' content='ocr_page ocr_carea ocr_par ocr_line ocrx_word'/>
</head>
<body>
  <div class='ocr_page' id='page_1' title='image "actasocietatisg00funkgoog_0070.png"; bbox 0 0 3030 4986; ppageno 0'>
   <div class='ocr_carea' id='block_1_1' title="bbox 564 255 945 335">
    <p class='ocr_par' dir='ltr' id='par_1_1' title="bbox 564 255 945 335">
     <span class='ocr_line' id='line_1_1' title="bbox 564 255 945 335; baseline 0.018 -25"><span class='ocrx_word' id='word_1_1' title='bbox 564 255 945 335; x_wconf 29' lang='lat' dir='ltr'><strong>..³ss2-</strong></span> 
     </span>
    </p>
   </div>
   <div class='ocr_carea' id='block_1_2' title="bbox 221 423 1383 825">
    <p class='ocr_par' dir='ltr' id='par_1_2' title="bbox 221 423 1383 825">
     <span class='ocr_line' id='line_1_2' title="bbox 221 423 1383 520; baseline 0.001 -20"><span class='ocrx_word' id='word_1_2' title='bbox 221 435 345 515; x_wconf 86' lang='lat' dir='ltr'><strong>solent,</strong></span> <span class='ocrx_word' id='word_1_3' title='bbox 364 435 460 520; x_wconf 90' lang='lat' dir='ltr'><strong>positi</strong></span> <span class='ocrx_word' id='word_1_4' title='bbox 473 446 545 498; x_wconf 76' lang='lat' dir='ltr'><strong>strnt</strong></span> <span class='ocrx_word' id='word_1_5' title='bbox 557 434 672 513; x_wconf 91' lang='lat' dir='ltr'><strong>modo,</strong></span> <span class='ocrx_word' id='word_1_6' title='bbox 692 445 727 496; x_wconf 91' lang='lat' dir='ltr'><strong>ut</strong></span> <span class='ocrx_word' id='word_1_7' title='bbox 740 432 906 498; x_wconf 88' lang='lat' dir='ltr'><strong>consilium</strong></span> <span class='ocrx_word' id='word_1_8' title='bbox 924 423 1118 520; x_wconf 65' lang='lat' dir='ltr'><strong>significent}</strong></span> <span class='ocrx_word' id='word_1_9' title='bbox 1140 445 1305 518; x_wconf 70' lang='lat' dir='ltr'><strong>argentum</strong></span> <span class='ocrx_word' id='word_1_10' title='bbox 1319 457 1383 520; x_wconf 85' lang='lat' dir='ltr'><strong>per</strong></span> 
     </span>
     <span class='ocr_line' id='line_1_3' title="bbox 221 535 1383 620; baseline -0.001 -18"><span class='ocrx_word' id='word_1_11' title='bbox 221 535 514 617; x_wconf 67' lang='lat' dir='ltr'><strong>mandamento,</strong></span> <span class='ocrx_word' id='word_1_12' title='bbox 534 544 572 599; x_wconf 72' lang='grc' dir='ltr'><strong>αϊ</strong></span> <span class='ocrx_word' id='word_1_13' title='bbox 586 535 784 600; x_wconf 80' lang='lat' dir='ltr'><strong>Metellttma</strong></span> <span class='ocrx_word' id='word_1_14' title='bbox 805 536 967 599; x_wconf 68' lang='lat' dir='ltr'><strong>cosmato</strong></span> <span class='ocrx_word' id='word_1_15' title='bbox 984 535 1165 620; x_wconf 81' lang='lat' dir='ltr'><strong>repelleret.</strong></span> <span class='ocrx_word' id='word_1_16' title='bbox 1209 535 1257 599; x_wconf 86' lang='lat' dir='ltr'><strong>lta</strong></span> <span class='ocrx_word' id='word_1_17' title='bbox 1278 540 1383 601; x_wconf 89' lang='lat' dir='ltr'><strong>minus</strong></span> 
     </span>
     <span class='ocr_line' id='line_1_4' title="bbox 221 632 1382 724; baseline -0.001 -20"><span class='ocrx_word' id='word_1_18' title='bbox 221 638 363 704; x_wconf 80' lang='lat' dir='ltr'><strong>violenta</strong></span> <span class='ocrx_word' id='word_1_19' title='bbox 375 640 496 702; x_wconf 87' lang='lat' dir='ltr'><strong>ratione</strong></span> <span class='ocrx_word' id='word_1_20' title='bbox 512 636 602 700; x_wconf 85' lang='lat' dir='ltr'><strong>locus</strong></span> <span class='ocrx_word' id='word_1_21' title='bbox 616 639 720 701; x_wconf 86' lang='lat' dir='ltr'><strong>sanari</strong></span> <span class='ocrx_word' id='word_1_22' title='bbox 734 645 831 723; x_wconf 88' lang='lat' dir='ltr'><strong>posse</strong></span> <span class='ocrx_word' id='word_1_23' title='bbox 848 637 979 700; x_wconf 86' lang='lat' dir='ltr'><strong>videtur.</strong></span> <span class='ocrx_word' id='word_1_24' title='bbox 1018 632 1107 724; x_wconf 75' lang='grc' dir='ltr'><strong><em>Φησὶ</em></strong></span> <span class='ocrx_word' id='word_1_25' title='bbox 1128 647 1234 700; x_wconf 88' lang='lat' dir='ltr'><strong>autem</strong></span> <span class='ocrx_word' id='word_1_26' title='bbox 1252 649 1382 724; x_wconf 87' lang='lat' dir='ltr'><strong>apparet</strong></span> 
     </span>
     <span class='ocr_line' id='line_1_5' title="bbox 222 733 1237 825; baseline -0.002 -21"><span class='ocrx_word' id='word_1_27' title='bbox 222 738 265 804; x_wconf 83' lang='lat' dir='ltr'><strong>ab</strong></span> <span class='ocrx_word' id='word_1_28' title='bbox 279 742 320 803; x_wconf 88' lang='lat' dir='ltr'><strong>iis</strong></span> <span class='ocrx_word' id='word_1_29' title='bbox 331 740 468 825; x_wconf 88' lang='lat' dir='ltr'><strong>positum</strong></span> <span class='ocrx_word' id='word_1_30' title='bbox 480 757 552 802; x_wconf 85' lang='lat' dir='ltr'><strong>esse</strong></span> <span class='ocrx_word' id='word_1_31' title='bbox 560 784 570 818; x_wconf 95' lang='lat'><strong>,</strong></span> <span class='ocrx_word' id='word_1_32' title='bbox 593 740 647 825; x_wconf 88' lang='lat' dir='ltr'><strong>qui</strong></span> <span class='ocrx_word' id='word_1_33' title='bbox 661 733 707 816; x_wconf 83' lang='grc' dir='ltr'><strong>ὡς</strong></span> <span class='ocrx_word' id='word_1_34' title='bbox 722 739 768 802; x_wconf 92' lang='lat' dir='ltr'><strong>sic</strong></span> <span class='ocrx_word' id='word_1_35' title='bbox 786 739 923 824; x_wconf 89' lang='lat' dir='ltr'><strong>positum</strong></span> <span class='ocrx_word' id='word_1_36' title='bbox 938 759 1001 802; x_wconf 92' lang='lat' dir='ltr'><strong>non</strong></span> <span class='ocrx_word' id='word_1_37' title='bbox 1014 736 1237 822; x_wconf 74' lang='lat' dir='ltr'><strong>intelligerent.</strong></span> 
     </span>
    </p>
   </div>
   <div class='ocr_carea' id='block_1_3' title="bbox 170 917 1386 2347">
    <p class='ocr_par' dir='ltr' id='par_1_3' title="bbox 170 917 1386 2244">
     <span class='ocr_line' id='line_1_6' title="bbox 306 917 1383 1026; baseline 0.004 -22"><span class='ocrx_word' id='word_1_38' title='bbox 306 937 416 1024; x_wconf 87' lang='lat' dir='ltr'><strong>Captis</strong></span> <span class='ocrx_word' id='word_1_39' title='bbox 438 939 562 1004; x_wconf 81' lang='lat' dir='ltr'>Thebis</span> <span class='ocrx_word' id='word_1_40' title='bbox 580 953 720 1006; x_wconf 90' lang='lat' dir='ltr'><strong>oratores</strong></span> <span class='ocrx_word' id='word_1_41' title='bbox 736 940 948 1006; x_wconf 78' lang='lat' dir='ltr'><strong>Athenienses</strong></span> <span class='ocrx_word' id='word_1_42' title='bbox 966 952 999 1004; x_wconf 83' lang='lat' dir='ltr'><strong>et</strong></span> <span class='ocrx_word' id='word_1_43' title='bbox 1016 917 1209 1026; x_wconf 78' lang='lat' dir='ltr'><strong>demagogos</strong></span> <span class='ocrx_word' id='word_1_44' title='bbox 1224 944 1306 1008; x_wconf 89' lang='lat' dir='ltr'><strong>tradi</strong></span> <span class='ocrx_word' id='word_1_45' title='bbox 1320 943 1383 1008; x_wconf 89' lang='lat' dir='ltr'><strong>sihi</strong></span> 
     </span>
     <span class='ocr_line' id='line_1_7' title="bbox 221 1039 1382 1129; baseline 0.001 -21"><span class='ocrx_word' id='word_1_46' title='bbox 221 1044 352 1108; x_wconf 80' lang='lat' dir='ltr'><strong>iussisse</strong></span> <span class='ocrx_word' id='word_1_47' title='bbox 367 1039 588 1106; x_wconf 83' lang='lat' dir='ltr'><strong>Alexandrum</strong></span> <span class='ocrx_word' id='word_1_48' title='bbox 601 1054 706 1106; x_wconf 89' lang='lat' dir='ltr'><strong>narrat</strong></span> <span class='ocrx_word' id='word_1_49' title='bbox 720 1041 802 1108; x_wconf 86' lang='lat' dir='ltr'><strong>Plut.</strong></span> <span class='ocrx_word' id='word_1_50' title='bbox 817 1039 915 1105; x_wconf 86' lang='lat' dir='ltr'><strong>Phoc.</strong></span> <span class='ocrx_word' id='word_1_51' title='bbox 928 1063 955 1107; x_wconf 89' lang='lat' dir='ltr'><strong>c.</strong></span> <span class='ocrx_word' id='word_1_52' title='bbox 966 1039 1074 1108; x_wconf 84' lang='lat' dir='ltr'>XVII.</span> <span class='ocrx_word' id='word_1_53' title='bbox 1097 1041 1239 1118; x_wconf 78' lang='lat' dir='ltr'><strong>Quorum</strong></span> <span class='ocrx_word' id='word_1_54' title='bbox 1255 1046 1382 1129; x_wconf 89' lang='lat' dir='ltr'><strong>quidem</strong></span> 
     </span>
     <span class='ocr_line' id='line_1_8' title="bbox 221 1141 1384 1230; baseline 0.001 -22"><span class='ocrx_word' id='word_1_55' title='bbox 221 1141 410 1229; x_wconf 87' lang='lat' dir='ltr'><strong>supplicium</strong></span> <span class='ocrx_word' id='word_1_56' title='bbox 436 1144 515 1207; x_wconf 89' lang='lat' dir='ltr'><strong>duas</strong></span> <span class='ocrx_word' id='word_1_57' title='bbox 536 1145 685 1227; x_wconf 80' lang='lat' dir='ltr'><strong>deinceps</strong></span> <span class='ocrx_word' id='word_1_58' title='bbox 707 1143 782 1206; x_wconf 85' lang='lat' dir='ltr'><strong>dicit</strong></span> <span class='ocrx_word' id='word_1_59' title='bbox 804 1144 988 1229; x_wconf 80' lang='lat' dir='ltr'><strong>deprecatae</strong></span> <span class='ocrx_word' id='word_1_60' title='bbox 1011 1165 1082 1208; x_wconf 88' lang='lat' dir='ltr'><strong>esse</strong></span> <span class='ocrx_word' id='word_1_61' title='bbox 1109 1143 1303 1230; x_wconf 85' lang='lat' dir='ltr'><strong>legationes,</strong></span> <span class='ocrx_word' id='word_1_62' title='bbox 1321 1161 1384 1209; x_wconf 71' lang='lat' dir='ltr'><strong>‘re-</strong></span> 
     </span>
     <span class='ocr_line' id='line_1_9' title="bbox 223 1241 1383 1336; baseline 0.002 -28"><span class='ocrx_word' id='word_1_63' title='bbox 223 1247 339 1308; x_wconf 88' lang='lat' dir='ltr'><strong>iectam</strong></span> <span class='ocrx_word' id='word_1_64' title='bbox 369 1241 502 1308; x_wconf 86' lang='lat' dir='ltr'><strong>alteram</strong></span> <span class='ocrx_word' id='word_1_65' title='bbox 534 1243 573 1310; x_wconf 88' lang='lat' dir='ltr'><strong>ab</strong></span> <span class='ocrx_word' id='word_1_66' title='bbox 600 1243 808 1325; x_wconf 86' lang='lat' dir='ltr'><strong>Alexandro,</strong></span> <span class='ocrx_word' id='word_1_67' title='bbox 836 1245 969 1310; x_wconf 90' lang='lat' dir='ltr'><strong>alteram</strong></span> <span class='ocrx_word' id='word_1_68' title='bbox 991 1243 1148 1336; x_wconf 84' lang='lat' dir='ltr'><strong>benevole</strong></span> <span class='ocrx_word' id='word_1_69' title='bbox 1175 1244 1314 1310; x_wconf 88' lang='lat' dir='ltr'><strong>auditam</strong></span> <span class='ocrx_word' id='word_1_70' title='bbox 1340 1245 1383 1312; x_wconf 89' lang='lat' dir='ltr'><strong>oh</strong></span> 
     </span>
     <span class='ocr_line' id='line_1_10' title="bbox 224 1336 1383 1433; baseline 0 -22"><span class='ocrx_word' id='word_1_71' title='bbox 224 1347 441 1433; x_wconf 79' lang='lat' dir='ltr'><strong>praesentiam</strong></span> <span class='ocrx_word' id='word_1_72' title='bbox 454 1336 642 1426; x_wconf 88' lang='lat' dir='ltr'><strong>Phocionis,</strong></span> <span class='ocrx_word' id='word_1_73' title='bbox 669 1367 763 1430; x_wconf 88' lang='lat' dir='ltr'><strong>quam</strong></span> <span class='ocrx_word' id='word_1_74' title='bbox 778 1349 887 1432; x_wconf 78' lang='lat' dir='ltr'><strong>magni</strong></span> <span class='ocrx_word' id='word_1_75' title='bbox 902 1348 1015 1411; x_wconf 87' lang='lat' dir='ltr'><strong>lecerit</strong></span> <span class='ocrx_word' id='word_1_76' title='bbox 1026 1347 1224 1411; x_wconf 84' lang='lat' dir='ltr'><strong>Alexander.</strong></span> <span class='ocrx_word' id='word_1_77' title='bbox 1266 1345 1383 1412; x_wconf 81' lang='lat' dir='ltr'><strong>Mirum</strong></span> 
     </span>
     <span class='ocr_line' id='line_1_11' title="bbox 224 1444 1383 1530; baseline 0.001 -18"><span class='ocrx_word' id='word_1_78' title='bbox 224 1459 289 1527; x_wconf 86' lang='lat' dir='ltr'><strong>est,</strong></span> <span class='ocrx_word' id='word_1_79' title='bbox 312 1444 376 1509; x_wconf 87' lang='lat' dir='ltr'><strong>alia</strong></span> <span class='ocrx_word' id='word_1_80' title='bbox 389 1466 518 1530; x_wconf 88' lang='lat' dir='ltr'><strong>prorsus</strong></span> <span class='ocrx_word' id='word_1_81' title='bbox 534 1449 655 1513; x_wconf 85' lang='lat' dir='ltr'><strong>narrari</strong></span> <span class='ocrx_word' id='word_1_82' title='bbox 671 1446 711 1511; x_wconf 89' lang='lat' dir='ltr'><strong>ab</strong></span> <span class='ocrx_word' id='word_1_83' title='bbox 729 1449 842 1512; x_wconf 86' lang='lat' dir='ltr'><strong>codem</strong></span> <span class='ocrx_word' id='word_1_84' title='bbox 855 1447 936 1512; x_wconf 89' lang='lat' dir='ltr'><strong>Plut.</strong></span> <span class='ocrx_word' id='word_1_85' title='bbox 952 1445 1119 1514; x_wconf 85' lang='lat' dir='ltr'><strong>Demosth.</strong></span> <span class='ocrx_word' id='word_1_86' title='bbox 1134 1470 1161 1512; x_wconf 89' lang='lat' dir='ltr'><strong>c.</strong></span> <span class='ocrx_word' id='word_1_87' title='bbox 1175 1445 1309 1530; x_wconf 89' lang='lat' dir='ltr'>XXIII,</span> <span class='ocrx_word' id='word_1_88' title='bbox 1328 1447 1383 1514; x_wconf 88' lang='lat' dir='ltr'><strong>ubi</strong></span> 
     </span>
     <span class='ocr_line' id='line_1_12' title="bbox 223 1545 1384 1635; baseline 0.001 -19"><span class='ocrx_word' id='word_1_89' title='bbox 223 1547 386 1616; x_wconf 84' lang='lat' dir='ltr'><strong>Demades</strong></span> <span class='ocrx_word' id='word_1_90' title='bbox 401 1547 538 1634; x_wconf 87' lang='lat' dir='ltr'><strong>quinque</strong></span> <span class='ocrx_word' id='word_1_91' title='bbox 551 1545 740 1612; x_wconf 86' lang='lat' dir='ltr'><strong>talentorum</strong></span> <span class='ocrx_word' id='word_1_92' title='bbox 751 1549 897 1614; x_wconf 82' lang='lat' dir='ltr'><strong>mercede</strong></span> <span class='ocrx_word' id='word_1_93' title='bbox 912 1563 1042 1635; x_wconf 86' lang='lat' dir='ltr'><strong>accepta</strong></span> <span class='ocrx_word' id='word_1_94' title='bbox 1057 1550 1169 1614; x_wconf 88' lang='lat' dir='ltr'><strong>dicitur</strong></span> <span class='ocrx_word' id='word_1_95' title='bbox 1187 1550 1227 1612; x_wconf 92' lang='lat' dir='ltr'><strong>ad</strong></span> <span class='ocrx_word' id='word_1_96' title='bbox 1239 1547 1384 1618; x_wconf 70' lang='lat' dir='ltr'><strong>Alexan.</strong></span> 
     </span>
     <span class='ocr_line' id='line_1_13' title="bbox 224 1644 1383 1737; baseline 0.001 -22"><span class='ocrx_word' id='word_1_97' title='bbox 224 1653 314 1716; x_wconf 90' lang='lat' dir='ltr'><strong>drum</strong></span> <span class='ocrx_word' id='word_1_98' title='bbox 336 1648 494 1733; x_wconf 84' lang='lat' dir='ltr'><strong>profectus</strong></span> <span class='ocrx_word' id='word_1_99' title='bbox 515 1671 587 1713; x_wconf 85' lang='lat' dir='ltr'><strong>esse</strong></span> <span class='ocrx_word' id='word_1_100' title='bbox 617 1652 765 1737; x_wconf 77' lang='lat' dir='ltr'><strong>visosque</strong></span> <span class='ocrx_word' id='word_1_101' title='bbox 788 1649 862 1714; x_wconf 92' lang='lat' dir='ltr'><strong>illos</strong></span> <span class='ocrx_word' id='word_1_102' title='bbox 882 1651 1022 1735; x_wconf 87' lang='lat' dir='ltr'><strong>periculo</strong></span> <span class='ocrx_word' id='word_1_103' title='bbox 1050 1653 1219 1735; x_wconf 80' lang='lat' dir='ltr'><strong>eripuisse:</strong></span> <span class='ocrx_word' id='word_1_104' title='bbox 1253 1644 1383 1716; x_wconf 72' lang='grc' dir='ltr'><strong><em>ἔπεισεν</em></strong></span> 
     </span>
     <span class='ocr_line' id='line_1_14' title="bbox 223 1737 1384 1844; baseline -0.003 -24"><span class='ocrx_word' id='word_1_105' title='bbox 223 1737 284 1820; x_wconf 76' lang='grc' dir='ltr'><strong>οὖν</strong></span> <span class='ocrx_word' id='word_1_106' title='bbox 309 1745 365 1816; x_wconf 83' lang='grc' dir='ltr'><strong>καὶ</strong></span> <span class='ocrx_word' id='word_1_107' title='bbox 386 1744 607 1836; x_wconf 76' lang='grc' dir='ltr'><strong><em>’παρῃτήσατο</em></strong></span> <span class='ocrx_word' id='word_1_108' title='bbox 632 1747 710 1828; x_wconf 80' lang='grc' dir='ltr'><strong>τούς</strong></span> <span class='ocrx_word' id='word_1_109' title='bbox 738 1741 862 1839; x_wconf 73' lang='grc' dir='ltr'><strong><em>ιλνδρας</em></strong></span> <span class='ocrx_word' id='word_1_110' title='bbox 893 1747 912 1817; x_wconf 85' lang='grc' dir='ltr'>ὁ</span> <span class='ocrx_word' id='word_1_111' title='bbox 940 1747 1103 1840; x_wconf 79' lang='grc' dir='ltr'><em>Δημάδης</em></span> <span class='ocrx_word' id='word_1_112' title='bbox 1132 1747 1190 1816; x_wconf 79' lang='grc' dir='ltr'><strong>καὶ</strong></span> <span class='ocrx_word' id='word_1_113' title='bbox 1210 1747 1384 1844; x_wconf 68' lang='grc' dir='ltr'><strong><em>ιλιήλλαξεν</em></strong></span> 
     </span>
     <span class='ocr_line' id='line_1_15' title="bbox 182 1845 1383 1940; baseline -0.002 -20"><span class='ocrx_word' id='word_1_114' title='bbox 182 1895 183 1910; x_wconf 56' lang='grc' dir='ltr'><strong><em>ι</em></strong></span> <span class='ocrx_word' id='word_1_115' title='bbox 225 1847 393 1938; x_wconf 73' lang='grc' dir='ltr'><strong><em>αὐτῷτὴν</em></strong></span> <span class='ocrx_word' id='word_1_116' title='bbox 413 1845 523 1915; x_wconf 90' lang='grc' dir='ltr'><strong><em>πόλιν.</em></strong></span> <span class='ocrx_word' id='word_1_117' title='bbox 563 1848 652 1914; x_wconf 89' lang='lat' dir='ltr'><strong>Idem</strong></span> <span class='ocrx_word' id='word_1_118' title='bbox 673 1865 779 1915; x_wconf 86' lang='lat' dir='ltr'><strong>narrat</strong></span> <span class='ocrx_word' id='word_1_119' title='bbox 795 1850 890 1917; x_wconf 86' lang='lat' dir='ltr'><strong>Diod.</strong></span> <span class='ocrx_word' id='word_1_120' title='bbox 911 1851 1019 1916; x_wconf 84' lang='lat' dir='ltr'>XVII.</span> <span class='ocrx_word' id='word_1_121' title='bbox 1044 1857 1094 1916; x_wconf 81' lang='lat'><strong>15.</strong></span> <span class='ocrx_word' id='word_1_122' title='bbox 1124 1847 1202 1920; x_wconf 71' lang='lat' dir='ltr'><strong>tet</strong></span> <span class='ocrx_word' id='word_1_123' title='bbox 1222 1845 1383 1940; x_wconf 74' lang='grc' dir='ltr'><strong>Δηιῖάδρς</strong></span> 
     </span>
     <span class='ocr_line' id='line_1_16' title="bbox 226 1946 1386 2042; baseline -0.003 -21"><span class='ocrx_word' id='word_1_124' title='bbox 226 1949 433 2042; x_wconf 79' lang='grc' dir='ltr'><strong><em>πρεσβεύσας</em></strong></span> <span class='ocrx_word' id='word_1_125' title='bbox 453 1946 571 2038; x_wconf 76' lang='grc' dir='ltr'><strong><em>καλιῇ</em></strong></span> <span class='ocrx_word' id='word_1_126' title='bbox 590 1946 768 2039; x_wconf 72' lang='grc' dir='ltr'><strong><em>τοῦλόγου</em></strong></span> <span class='ocrx_word' id='word_1_127' title='bbox 789 1949 955 2042; x_wconf 80' lang='grc' dir='ltr'><strong><em>δεινότητι</em></strong></span> <span class='ocrx_word' id='word_1_128' title='bbox 970 1949 1079 2020; x_wconf 76' lang='grc' dir='ltr'><strong><em>πάντα</em></strong></span> <span class='ocrx_word' id='word_1_129' title='bbox 1103 1947 1386 2041; x_wconf 73' lang='grc' dir='ltr'><strong><em>κατεργασάμενος</em></strong></span> 
     </span>
     <span class='ocr_line' id='line_1_17' title="bbox 224 2044 1385 2142; baseline -0.003 -20"><span class='ocrx_word' id='word_1_130' title='bbox 224 2049 339 2123; x_wconf 70' lang='grc' dir='ltr'><strong><em>ἔπεισε</em></strong></span> <span class='ocrx_word' id='word_1_131' title='bbox 358 2048 417 2118; x_wconf 81' lang='grc' dir='ltr'><strong>τὸν</strong></span> <span class='ocrx_word' id='word_1_132' title='bbox 430 2044 648 2140; x_wconf 74' lang='grc' dir='ltr'><strong><em>Ἀλέξανδρον</em></strong></span> <span class='ocrx_word' id='word_1_133' title='bbox 669 2045 840 2119; x_wconf 75' lang='grc' dir='ltr'><strong><em>ἀπολῦσαι</em></strong></span> <span class='ocrx_word' id='word_1_134' title='bbox 856 2052 934 2131; x_wconf 76' lang='grc' dir='ltr'><strong><em>τοὺς</em></strong></span> <span class='ocrx_word' id='word_1_135' title='bbox 955 2045 1079 2142; x_wconf 63' lang='grc' dir='ltr'><strong><em>ἄνδρας</em></strong></span> <span class='ocrx_word' id='word_1_136' title='bbox 1092 2055 1158 2118; x_wconf 83' lang='grc' dir='ltr'><strong>τῶν</strong></span> <span class='ocrx_word' id='word_1_137' title='bbox 1175 2049 1385 2140; x_wconf 70' lang='grc' dir='ltr'><strong><em>ἐγκλημάτων</em></strong></span> 
     </span>
     <span class='ocr_line' id='line_1_18' title="bbox 170 2144 1384 2244; baseline -0.003 -24"><span class='ocrx_word' id='word_1_138' title='bbox 170 2181 172 2184; x_wconf 95' lang='grc'><strong><em>·</em></strong></span> <span class='ocrx_word' id='word_1_139' title='bbox 223 2153 282 2222; x_wconf 77' lang='grc' dir='ltr'><strong>καὶ</strong></span> <span class='ocrx_word' id='word_1_140' title='bbox 296 2144 407 2224; x_wconf 61' lang='lat' dir='ltr'><strong>‚uitta</strong></span> <span class='ocrx_word' id='word_1_141' title='bbox 433 2145 543 2218; x_wconf 74' lang='grc' dir='ltr'><strong><em>πάντα</em></strong></span> <span class='ocrx_word' id='word_1_142' title='bbox 570 2154 779 2240; x_wconf 75' lang='grc' dir='ltr'><strong><em>συγχωρῆσαι</em></strong></span> <span class='ocrx_word' id='word_1_143' title='bbox 799 2157 869 2233; x_wconf 79' lang='grc' dir='ltr'><strong><em>τοῖς</em></strong></span> <span class='ocrx_word' id='word_1_144' title='bbox 889 2147 1101 2244; x_wconf 75' lang='grc' dir='ltr'><strong><em>Ἀθηναίοις.</em></strong></span> <span class='ocrx_word' id='word_1_145' title='bbox 1142 2152 1268 2219; x_wconf 87' lang='lat' dir='ltr'><strong>Arriau.</strong></span> <span class='ocrx_word' id='word_1_146' title='bbox 1287 2153 1312 2218; x_wconf 91' lang='lat' dir='ltr'><strong>I.</strong></span> <span class='ocrx_word' id='word_1_147' title='bbox 1335 2160 1384 2217; x_wconf 82' lang='lat' dir='ltr'><strong>ltt.</strong></span> 
     </span>
    </p>

    <p class='ocr_par' dir='ltr' id='par_1_4' title="bbox 224 2253 1137 2347">
     <span class='ocr_line' id='line_1_19' title="bbox 224 2253 1137 2347; baseline -0.007 -23"><span class='ocrx_word' id='word_1_148' title='bbox 224 2259 356 2324; x_wconf 85' lang='lat' dir='ltr'><strong>nomina</strong></span> <span class='ocrx_word' id='word_1_149' title='bbox 372 2253 548 2341; x_wconf 85' lang='lat' dir='ltr'><strong>legatorum</strong></span> <span class='ocrx_word' id='word_1_150' title='bbox 560 2273 625 2318; x_wconf 91' lang='lat' dir='ltr'><strong>non</strong></span> <span class='ocrx_word' id='word_1_151' title='bbox 640 2255 817 2347; x_wconf 65' lang='lat' dir='ltr'><strong>adscripsit,</strong></span> <span class='ocrx_word' id='word_1_152' title='bbox 1134 2274 1137 2282; x_wconf 86' lang='grc'>’</span> 
     </span>
    </p>
   </div>
   <div class='ocr_carea' id='block_1_4' title="bbox 205 2447 1443 4342">
    <p class='ocr_par' dir='ltr' id='par_1_5' title="bbox 205 2447 1443 4342">
     <span class='ocr_line' id='line_1_20' title="bbox 287 2447 1385 2546; baseline -0.003 -21"><span class='ocrx_word' id='word_1_153' title='bbox 287 2501 290 2508; x_wconf 90' lang='lat'>·</span> <span class='ocrx_word' id='word_1_154' title='bbox 309 2447 449 2525; x_wconf 73' lang='lat' dir='ltr'><strong>omniuo</strong></span> <span class='ocrx_word' id='word_1_155' title='bbox 470 2481 534 2522; x_wconf 90' lang='lat' dir='ltr'><strong>non</strong></span> <span class='ocrx_word' id='word_1_156' title='bbox 556 2457 727 2523; x_wconf 86' lang='lat' dir='ltr'><strong>admodum</strong></span> <span class='ocrx_word' id='word_1_157' title='bbox 745 2457 918 2523; x_wconf 86' lang='lat' dir='ltr'><strong>verisimile</strong></span> <span class='ocrx_word' id='word_1_158' title='bbox 937 2458 1078 2540; x_wconf 88' lang='lat' dir='ltr'><strong>videtur,</strong></span> <span class='ocrx_word' id='word_1_159' title='bbox 1101 2481 1174 2524; x_wconf 91' lang='lat' dir='ltr'><strong>eum</strong></span> <span class='ocrx_word' id='word_1_160' title='bbox 1189 2460 1260 2546; x_wconf 91' lang='lat' dir='ltr'><strong>qui,</strong></span> <span class='ocrx_word' id='word_1_161' title='bbox 1277 2455 1385 2544; x_wconf 65' lang='lat' dir='ltr'><strong>&#39;quum</strong></span> 
     </span>
     <span class='ocr_line' id='line_1_21' title="bbox 224 2557 1386 2641; baseline -0.004 -12"><span class='ocrx_word' id='word_1_162' title='bbox 224 2557 443 2630; x_wconf 72' lang='lat' dir='ltr'><strong>consuleretur</strong></span> <span class='ocrx_word' id='word_1_163' title='bbox 457 2560 497 2623; x_wconf 93' lang='lat' dir='ltr'><strong>de</strong></span> <span class='ocrx_word' id='word_1_164' title='bbox 512 2559 672 2622; x_wconf 85' lang='lat' dir='ltr'><strong>tradendis</strong></span> <span class='ocrx_word' id='word_1_165' title='bbox 685 2559 882 2639; x_wconf 87' lang='lat' dir='ltr'><strong>oratoribus,</strong></span> <span class='ocrx_word' id='word_1_166' title='bbox 905 2581 977 2623; x_wconf 90' lang='lat' dir='ltr'><strong>eam</strong></span> <span class='ocrx_word' id='word_1_167' title='bbox 995 2560 1109 2624; x_wconf 88' lang='lat' dir='ltr'><strong>tulerat</strong></span> <span class='ocrx_word' id='word_1_168' title='bbox 1123 2564 1328 2641; x_wconf 80' lang='lat' dir='ltr'><strong>sententIam,</strong></span> <span class='ocrx_word' id='word_1_169' title='bbox 1350 2571 1386 2624; x_wconf 91' lang='lat' dir='ltr'><strong>ut</strong></span> 
     </span>
     <span class='ocr_line' id='line_1_22' title="bbox 205 2653 1384 2746; baseline -0.004 -18"><span class='ocrx_word' id='word_1_170' title='bbox 205 2653 346 2732; x_wconf 49' lang='lat' dir='ltr'><strong>¹r&#39;tullam</strong></span> <span class='ocrx_word' id='word_1_171' title='bbox 364 2681 455 2725; x_wconf 89' lang='lat' dir='ltr'><strong>suam</strong></span> <span class='ocrx_word' id='word_1_172' title='bbox 466 2661 707 2742; x_wconf 83' lang='lat' dir='ltr'><strong>interposituros</strong></span> <span class='ocrx_word' id='word_1_173' title='bbox 722 2660 881 2723; x_wconf 85' lang='lat' dir='ltr'><strong>videretur</strong></span> <span class='ocrx_word' id='word_1_174' title='bbox 899 2681 1046 2746; x_wconf 90' lang='lat' dir='ltr'><strong>operam,</strong></span> <span class='ocrx_word' id='word_1_175' title='bbox 1067 2674 1099 2725; x_wconf 89' lang='lat' dir='ltr'><strong>et</strong></span> <span class='ocrx_word' id='word_1_176' title='bbox 1112 2673 1279 2745; x_wconf 89' lang='lat' dir='ltr'><strong>propterea</strong></span> <span class='ocrx_word' id='word_1_177' title='bbox 1299 2661 1384 2724; x_wconf 90' lang='lat' dir='ltr'><strong>male</strong></span> 
     </span>
     <span class='ocr_line' id='line_1_23' title="bbox 228 2755 1384 2852; baseline -0.005 -22"><span class='ocrx_word' id='word_1_178' title='bbox 228 2764 356 2830; x_wconf 87' lang='lat' dir='ltr'><strong>habitus</strong></span> <span class='ocrx_word' id='word_1_179' title='bbox 380 2758 532 2846; x_wconf 82' lang='lat' dir='ltr'><strong>apopulo</strong></span> <span class='ocrx_word' id='word_1_180' title='bbox 548 2772 618 2823; x_wconf 88' lang='lat' dir='ltr'><strong>erat</strong></span> <span class='ocrx_word' id='word_1_181' title='bbox 637 2758 746 2843; x_wconf 82' lang='lat' dir='ltr'><strong>(Diod.</strong></span> <span class='ocrx_word' id='word_1_182' title='bbox 763 2761 865 2852; x_wconf 82' lang='lat' dir='ltr'><strong>addit:</strong></span> <span class='ocrx_word' id='word_1_183' title='bbox 886 2755 905 2828; x_wconf 86' lang='grc' dir='ltr'>ὁ</span> <span class='ocrx_word' id='word_1_184' title='bbox 928 2759 966 2827; x_wconf 79' lang='grc' dir='ltr'><strong>δὲ</strong></span> <span class='ocrx_word' id='word_1_185' title='bbox 985 2761 1090 2847; x_wconf 77' lang='grc' dir='ltr'><strong><em>δῆμος</em></strong></span> <span class='ocrx_word' id='word_1_186' title='bbox 1104 2763 1221 2844; x_wconf 81' lang='grc' dir='ltr'><strong><em>τοῦτον</em></strong></span> <span class='ocrx_word' id='word_1_187' title='bbox 1240 2799 1280 2810; x_wconf 92' lang='lat'><strong>-—</strong></span> <span class='ocrx_word' id='word_1_188' title='bbox 1306 2765 1384 2825; x_wconf 79' lang='grc' dir='ltr'><strong>Φω-</strong></span> 
     </span>
     <span class='ocr_line' id='line_1_24' title="bbox 226 2853 1384 2950; baseline -0.004 -18"><span class='ocrx_word' id='word_1_189' title='bbox 226 2861 330 2932; x_wconf 79' lang='grc' dir='ltr'><strong><em>κλωνα</em></strong></span> <span class='ocrx_word' id='word_1_190' title='bbox 358 2899 398 2911; x_wconf 88' lang='lat'><em>-</em></span> <span class='ocrx_word' id='word_1_191' title='bbox 432 2861 502 2937; x_wconf 78' lang='grc' dir='ltr'><strong><em>τοῖς</em></strong></span> <span class='ocrx_word' id='word_1_192' title='bbox 532 2858 698 2948; x_wconf 78' lang='grc' dir='ltr'><strong><em>θορύβοις</em></strong></span> <span class='ocrx_word' id='word_1_193' title='bbox 729 2859 879 2944; x_wconf 67' lang='grc' dir='ltr'><strong><em>ἐξέβαλε,</em></strong></span> <span class='ocrx_word' id='word_1_194' title='bbox 920 2861 1117 2950; x_wconf 78' lang='grc' dir='ltr'><strong><em>προσάντως</em></strong></span> <span class='ocrx_word' id='word_1_195' title='bbox 1151 2853 1384 2939; x_wconf 68' lang='lat' dir='ltr'><strong>drodmannia</strong></span> 
     </span>
     <span class='ocr_line' id='line_1_25' title="bbox 227 2957 1385 3052; baseline -0.004 -21"><span class='ocrx_word' id='word_1_196' title='bbox 227 2959 384 3052; x_wconf 72' lang='grc' dir='ltr'><strong><em>λόγους),</em></strong></span> <span class='ocrx_word' id='word_1_197' title='bbox 404 2957 454 3026; x_wconf 77' lang='lat' dir='ltr'><strong>&#39;ue</strong></span> <span class='ocrx_word' id='word_1_198' title='bbox 479 2983 517 3024; x_wconf 86' lang='lat' dir='ltr'><strong>ea</strong></span> <span class='ocrx_word' id='word_1_199' title='bbox 538 2957 608 3044; x_wconf 84' lang='lat' dir='ltr'><strong>ipsa</strong></span> <span class='ocrx_word' id='word_1_200' title='bbox 621 2983 727 3025; x_wconf 79' lang='lat' dir='ltr'><strong>causa</strong></span> <span class='ocrx_word' id='word_1_201' title='bbox 750 2964 883 3026; x_wconf 88' lang='lat' dir='ltr'><strong>missum</strong></span> <span class='ocrx_word' id='word_1_202' title='bbox 901 2963 941 3026; x_wconf 90' lang='lat' dir='ltr'><strong>ad</strong></span> <span class='ocrx_word' id='word_1_203' title='bbox 962 2962 1181 3028; x_wconf 84' lang='lat' dir='ltr'><strong>Alexandrum</strong></span> <span class='ocrx_word' id='word_1_204' title='bbox 1196 2987 1277 3028; x_wconf 88' lang='lat' dir='ltr'><strong>esse.</strong></span> <span class='ocrx_word' id='word_1_205' title='bbox 1319 2963 1385 3028; x_wconf 91' lang='lat' dir='ltr'><strong>Ant</strong></span> 
     </span>
     <span class='ocr_line' id='line_1_26' title="bbox 226 3054 1383 3152; baseline 0.004 -24"><span class='ocrx_word' id='word_1_206' title='bbox 226 3070 322 3152; x_wconf 80' lang='lat' dir='ltr'><strong>igitur</strong></span> <span class='ocrx_word' id='word_1_207' title='bbox 338 3064 495 3128; x_wconf 84' lang='lat' dir='ltr'><strong>-mamo&#39;ria</strong></span> <span class='ocrx_word' id='word_1_208' title='bbox 513 3059 622 3146; x_wconf 87' lang='lat' dir='ltr'><strong>lapsus</strong></span> <span class='ocrx_word' id='word_1_209' title='bbox 639 3074 688 3126; x_wconf 86' lang='lat' dir='ltr'><strong>est</strong></span> <span class='ocrx_word' id='word_1_210' title='bbox 708 3054 916 3145; x_wconf 83' lang='lat' dir='ltr'><strong>Plutarchus,</strong></span> <span class='ocrx_word' id='word_1_211' title='bbox 946 3077 1014 3145; x_wconf 91' lang='lat' dir='ltr'><strong>aut,</strong></span> <span class='ocrx_word' id='word_1_212' title='bbox 1043 3067 1127 3150; x_wconf 91' lang='lat' dir='ltr'><strong>quod</strong></span> <span class='ocrx_word' id='word_1_213' title='bbox 1150 3089 1247 3152; x_wconf 89' lang='lat' dir='ltr'><strong>saepe</strong></span> <span class='ocrx_word' id='word_1_214' title='bbox 1266 3066 1383 3133; x_wconf 82' lang='lat' dir='ltr'><strong>lactum</strong></span> 
     </span>
     <span class='ocr_line' id='line_1_27' title="bbox 228 3163 1384 3248; baseline -0.003 -16"><span class='ocrx_word' id='word_1_215' title='bbox 228 3187 300 3232; x_wconf 86' lang='lat' dir='ltr'><strong>esse</strong></span> <span class='ocrx_word' id='word_1_216' title='bbox 326 3165 533 3229; x_wconf 85' lang='lat' dir='ltr'><strong>demonstrari</strong></span> <span class='ocrx_word' id='word_1_217' title='bbox 557 3175 678 3247; x_wconf 86' lang='lat' dir='ltr'><strong>potest,</strong></span> <span class='ocrx_word' id='word_1_218' title='bbox 708 3163 828 3229; x_wconf 88' lang='lat' dir='ltr'><strong>rettulit</strong></span> <span class='ocrx_word' id='word_1_219' title='bbox 854 3166 895 3229; x_wconf 91' lang='lat' dir='ltr'><strong>ad</strong></span> <span class='ocrx_word' id='word_1_220' title='bbox 922 3187 994 3229; x_wconf 89' lang='lat' dir='ltr'><strong>eum</strong></span> <span class='ocrx_word' id='word_1_221' title='bbox 1018 3167 1139 3248; x_wconf 88' lang='lat' dir='ltr'><strong>virum,</strong></span> <span class='ocrx_word' id='word_1_222' title='bbox 1171 3171 1259 3232; x_wconf 87' lang='lat' dir='ltr'><strong>cuius</strong></span> <span class='ocrx_word' id='word_1_223' title='bbox 1287 3171 1384 3230; x_wconf 87' lang='lat' dir='ltr'><strong>vitam</strong></span> 
     </span>
     <span class='ocr_line' id='line_1_28' title="bbox 228 3259 1384 3350; baseline 0.002 -20"><span class='ocrx_word' id='word_1_224' title='bbox 228 3269 440 3334; x_wconf 81' lang='lat' dir='ltr'><strong>cummaxime</strong></span> <span class='ocrx_word' id='word_1_225' title='bbox 462 3259 637 3344; x_wconf 86' lang='lat' dir='ltr'><strong>scribebat,</strong></span> <span class='ocrx_word' id='word_1_226' title='bbox 659 3265 845 3350; x_wconf 74' lang='lat' dir='ltr'><strong>quaefacta</strong></span> <span class='ocrx_word' id='word_1_227' title='bbox 867 3265 906 3328; x_wconf 93' lang='lat' dir='ltr'><strong>ab</strong></span> <span class='ocrx_word' id='word_1_228' title='bbox 930 3288 969 3330; x_wconf 88' lang='lat' dir='ltr'><strong>eo</strong></span> <span class='ocrx_word' id='word_1_229' title='bbox 990 3279 1054 3332; x_wconf 91' lang='lat' dir='ltr'><strong>non</strong></span> <span class='ocrx_word' id='word_1_230' title='bbox 1071 3281 1160 3350; x_wconf 91' lang='lat' dir='ltr'><strong>sunt,</strong></span> <span class='ocrx_word' id='word_1_231' title='bbox 1183 3269 1240 3332; x_wconf 88' lang='lat' dir='ltr'><strong>sed</strong></span> <span class='ocrx_word' id='word_1_232' title='bbox 1254 3269 1294 3338; x_wconf 90' lang='lat' dir='ltr'><strong>ad</strong></span> <span class='ocrx_word' id='word_1_233' title='bbox 1313 3287 1384 3332; x_wconf 87' lang='lat' dir='ltr'><strong>eam</strong></span> 
     </span>
     <span class='ocr_line' id='line_1_29' title="bbox 229 3365 1385 3457; baseline 0.002 -25"><span class='ocrx_word' id='word_1_234' title='bbox 229 3391 326 3457; x_wconf 84' lang='lat' dir='ltr'><strong>quarn</strong></span> <span class='ocrx_word' id='word_1_235' title='bbox 351 3366 532 3430; x_wconf 82' lang='lat' dir='ltr'><strong>informavit</strong></span> <span class='ocrx_word' id='word_1_236' title='bbox 553 3365 722 3448; x_wconf 79' lang='lat' dir='ltr'><strong>Imaginem</strong></span> <span class='ocrx_word' id='word_1_237' title='bbox 749 3379 823 3452; x_wconf 89' lang='lat' dir='ltr'><strong>apta</strong></span> <span class='ocrx_word' id='word_1_238' title='bbox 847 3365 1059 3449; x_wconf 76' lang='lat' dir='ltr'><strong>videbantur,</strong></span> <span class='ocrx_word' id='word_1_239' title='bbox 1087 3369 1171 3456; x_wconf 89' lang='lat' dir='ltr'><strong>quod</strong></span> <span class='ocrx_word' id='word_1_240' title='bbox 1190 3371 1302 3431; x_wconf 87' lang='lat' dir='ltr'><strong>mirum</strong></span> <span class='ocrx_word' id='word_1_241' title='bbox 1321 3387 1385 3434; x_wconf 87' lang='lat' dir='ltr'><strong>non</strong></span> 
     </span>
     <span class='ocr_line' id='line_1_30' title="bbox 230 3461 1386 3558; baseline 0 -23"><span class='ocrx_word' id='word_1_242' title='bbox 230 3484 279 3536; x_wconf 81' lang='lat' dir='ltr'><strong>ert</strong></span> <span class='ocrx_word' id='word_1_243' title='bbox 300 3473 333 3532; x_wconf 89' lang='lat' dir='ltr'><strong>in</strong></span> <span class='ocrx_word' id='word_1_244' title='bbox 352 3461 392 3531; x_wconf 83' lang='lat' dir='ltr'><strong>eo</strong></span> <span class='ocrx_word' id='word_1_245' title='bbox 416 3469 587 3550; x_wconf 78' lang='lat' dir='ltr'><strong>scriptore,</strong></span> <span class='ocrx_word' id='word_1_246' title='bbox 617 3487 709 3546; x_wconf 87' lang='lat' dir='ltr'><strong>quem</strong></span> <span class='ocrx_word' id='word_1_247' title='bbox 734 3471 767 3532; x_wconf 83' lang='lat' dir='ltr'><strong>ln</strong></span> <span class='ocrx_word' id='word_1_248' title='bbox 781 3467 851 3534; x_wconf 42' lang='lat' dir='ltr'><strong>‘lide</strong></span> <span class='ocrx_word' id='word_1_249' title='bbox 874 3489 984 3540; x_wconf 74' lang='lat' dir='ltr'><strong>conum</strong></span> <span class='ocrx_word' id='word_1_250' title='bbox 1005 3491 1085 3558; x_wconf 84' lang='lat' dir='ltr'><strong>quae</strong></span> <span class='ocrx_word' id='word_1_251' title='bbox 1107 3470 1201 3532; x_wconf 90' lang='lat' dir='ltr'><strong>tradit</strong></span> <span class='ocrx_word' id='word_1_252' title='bbox 1226 3471 1386 3555; x_wconf 82' lang='lat' dir='ltr'><strong>exigenda</strong></span> 
     </span>
     <span class='ocr_line' id='line_1_31' title="bbox 228 3563 1383 3654; baseline 0 -17"><span class='ocrx_word' id='word_1_253' title='bbox 228 3593 292 3636; x_wconf 93' lang='lat' dir='ltr'><strong>non</strong></span> <span class='ocrx_word' id='word_1_254' title='bbox 304 3588 430 3653; x_wconf 90' lang='lat' dir='ltr'><strong>semper</strong></span> <span class='ocrx_word' id='word_1_255' title='bbox 443 3567 591 3638; x_wconf 83' lang='lat' dir='ltr'><strong>subtilem</strong></span> <span class='ocrx_word' id='word_1_256' title='bbox 605 3569 681 3631; x_wconf 87' lang='lat' dir='ltr'><strong>satis</strong></span> <span class='ocrx_word' id='word_1_257' title='bbox 696 3581 728 3632; x_wconf 87' lang='lat' dir='ltr'><strong>et</strong></span> <span class='ocrx_word' id='word_1_258' title='bbox 739 3569 923 3654; x_wconf 84' lang='lat' dir='ltr'><strong>diligentem</strong></span> <span class='ocrx_word' id='word_1_259' title='bbox 937 3571 1036 3634; x_wconf 86' lang='lat' dir='ltr'><strong>luisse</strong></span> <span class='ocrx_word' id='word_1_260' title='bbox 1051 3581 1182 3633; x_wconf 71' lang='lat' dir='ltr'><strong>constet.</strong></span> <span class='ocrx_word' id='word_1_261' title='bbox 1224 3563 1265 3634; x_wconf 82' lang='lat' dir='ltr'><strong>Et</strong></span> <span class='ocrx_word' id='word_1_262' title='bbox 1285 3587 1333 3636; x_wconf 89' lang='lat' dir='ltr'><strong>est</strong></span> <span class='ocrx_word' id='word_1_263' title='bbox 1349 3577 1383 3638; x_wconf 90' lang='lat' dir='ltr'><strong>in</strong></span> 
     </span>
     <span class='ocr_line' id='line_1_32' title="bbox 228 3661 1384 3756; baseline -0.003 -19"><span class='ocrx_word' id='word_1_264' title='bbox 228 3673 340 3736; x_wconf 89' lang='lat' dir='ltr'><strong>eadem</strong></span> <span class='ocrx_word' id='word_1_265' title='bbox 355 3669 419 3740; x_wconf 89' lang='lat' dir='ltr'><strong>hac</strong></span> <span class='ocrx_word' id='word_1_266' title='bbox 431 3670 496 3738; x_wconf 84' lang='lat' dir='ltr'><strong>vita</strong></span> <span class='ocrx_word' id='word_1_267' title='bbox 510 3665 590 3732; x_wconf 86' lang='lat' dir='ltr'><strong>alius</strong></span> <span class='ocrx_word' id='word_1_268' title='bbox 602 3665 708 3750; x_wconf 85' lang='lat' dir='ltr'><strong>locus,</strong></span> <span class='ocrx_word' id='word_1_269' title='bbox 728 3661 771 3734; x_wconf 85' lang='lat' dir='ltr'><strong>in·</strong></span> <span class='ocrx_word' id='word_1_270' title='bbox 781 3695 820 3735; x_wconf 91' lang='lat' dir='ltr'><strong>eo</strong></span> <span class='ocrx_word' id='word_1_271' title='bbox 843 3685 930 3739; x_wconf 89' lang='lat' dir='ltr'><strong>certe</strong></span> <span class='ocrx_word' id='word_1_272' title='bbox 944 3671 1074 3752; x_wconf 84' lang='lat' dir='ltr'><strong>similis,</strong></span> <span class='ocrx_word' id='word_1_273' title='bbox 1098 3672 1181 3756; x_wconf 89' lang='lat' dir='ltr'><strong>quod</strong></span> <span class='ocrx_word' id='word_1_274' title='bbox 1196 3671 1260 3738; x_wconf 87' lang='lat' dir='ltr'><strong>alia</strong></span> <span class='ocrx_word' id='word_1_275' title='bbox 1273 3676 1311 3737; x_wconf 86' lang='lat' dir='ltr'><strong>in&#39;</strong></span> <span class='ocrx_word' id='word_1_276' title='bbox 1321 3673 1384 3734; x_wconf 89' lang='lat' dir='ltr'><strong>alia</strong></span> 
     </span>
     <span class='ocr_line' id='line_1_33' title="bbox 227 3767 1384 3858; baseline 0.001 -20"><span class='ocrx_word' id='word_1_277' title='bbox 227 3777 292 3838; x_wconf 85' lang='lat' dir='ltr'><strong>vita</strong></span> <span class='ocrx_word' id='word_1_278' title='bbox 316 3781 488 3834; x_wconf 86' lang='lat' dir='ltr'><strong>narrantur.</strong></span> <span class='ocrx_word' id='word_1_279' title='bbox 530 3767 627 3832; x_wconf 89' lang='lat' dir='ltr'><strong>Phoc.</strong></span> <span class='ocrx_word' id='word_1_280' title='bbox 645 3793 671 3834; x_wconf 89' lang='lat' dir='ltr'><strong>c.</strong></span> <span class='ocrx_word' id='word_1_281' title='bbox 685 3771 966 3858; x_wconf 48' lang='lat' dir='ltr'><strong>XXXaepistola,</strong></span> <span class='ocrx_word' id='word_1_282' title='bbox 989 3794 1068 3858; x_wconf 89' lang='lat' dir='ltr'><strong>quae</strong></span> <span class='ocrx_word' id='word_1_283' title='bbox 1084 3771 1222 3838; x_wconf 88' lang='lat' dir='ltr'><strong>Demadi</strong></span> <span class='ocrx_word' id='word_1_284' title='bbox 1233 3773 1336 3838; x_wconf 75' lang='lat' dir='ltr'><strong>fatalis</strong></span> <span class='ocrx_word' id='word_1_285' title='bbox 1352 3783 1384 3839; x_wconf 82' lang='lat' dir='ltr'><strong>et</strong></span> 
     </span>
     <span class='ocr_line' id='line_1_34' title="bbox 227 3868 1443 3959; baseline 0.001 -25"><span class='ocrx_word' id='word_1_286' title='bbox 227 3870 450 3956; x_wconf 80' lang='lat' dir='ltr'><strong>funestafuit,</strong></span> <span class='ocrx_word' id='word_1_287' title='bbox 487 3870 527 3931; x_wconf 93' lang='lat' dir='ltr'><strong>ad</strong></span> <span class='ocrx_word' id='word_1_288' title='bbox 549 3868 742 3958; x_wconf 83' lang='lat' dir='ltr'><strong>Antigonum</strong></span> <span class='ocrx_word' id='word_1_289' title='bbox 766 3877 881 3959; x_wconf 89' lang='lat' dir='ltr'><strong>scripta</strong></span> <span class='ocrx_word' id='word_1_290' title='bbox 900 3895 971 3956; x_wconf 78' lang='lat' dir='ltr'><strong>esse</strong></span> <span class='ocrx_word' id='word_1_291' title='bbox 993 3874 1121 3954; x_wconf 86' lang='lat' dir='ltr'><strong>dicitur,</strong></span> <span class='ocrx_word' id='word_1_292' title='bbox 1149 3875 1189 3937; x_wconf 86' lang='lat' dir='ltr'><strong>ad</strong></span> <span class='ocrx_word' id='word_1_293' title='bbox 1201 3873 1383 3938; x_wconf 88' lang='lat' dir='ltr'><strong>Perdiccam</strong></span> <span class='ocrx_word' id='word_1_294' title='bbox 1440 3895 1443 3901; x_wconf 93' lang='lat'>·</span> 
     </span>
     <span class='ocr_line' id='line_1_35' title="bbox 227 3961 1383 4066; baseline -0.001 -28"><span class='ocrx_word' id='word_1_295' title='bbox 227 3971 441 4065; x_wconf 79' lang='lat' dir='ltr'><strong>Demosthe.</strong></span> <span class='ocrx_word' id='word_1_296' title='bbox 463 3967 604 4066; x_wconf 89' lang='lat' dir='ltr'>XXXI.</span> <span class='ocrx_word' id='word_1_297' title='bbox 632 3968 809 4060; x_wconf 68' lang='grc' dir='ltr'><strong>γράμματα</strong></span> <span class='ocrx_word' id='word_1_298' title='bbox 836 3972 909 4064; x_wconf 68' lang='grc' dir='ltr'><strong>’γὰρ</strong></span> <span class='ocrx_word' id='word_1_299' title='bbox 946 3965 1099 4052; x_wconf 76' lang='grc' dir='ltr'><strong>Ιἐξέπεσεν</strong></span> <span class='ocrx_word' id='word_1_300' title='bbox 1134 3965 1224 4058; x_wconf 66' lang='grc' dir='ltr'><strong>αὐτῷ</strong></span> <span class='ocrx_word' id='word_1_301' title='bbox 1263 3963 1311 4046; x_wconf 74' lang='grc' dir='ltr'><strong>δι’</strong></span> <span class='ocrx_word' id='word_1_302' title='bbox 1337 3961 1383 4038; x_wconf 81' lang='grc' dir='ltr'><strong>ὧν</strong></span> 
     </span>
     <span class='ocr_line' id='line_1_36' title="bbox 228 4061 1381 4166; baseline 0.002 -28"><span class='ocrx_word' id='word_1_303' title='bbox 228 4071 400 4163; x_wconf 81' lang='grc' dir='ltr'><strong><em>παρεκάλη</em></strong></span> <span class='ocrx_word' id='word_1_304' title='bbox 421 4065 610 4158; x_wconf 80' lang='grc' dir='ltr'><strong><em>Περδίκκαν</em></strong></span> <span class='ocrx_word' id='word_1_305' title='bbox 630 4072 807 4166; x_wconf 76' lang='grc' dir='ltr'><strong><em>ἐπιχειρεῖν</em></strong></span> <span class='ocrx_word' id='word_1_306' title='bbox 825 4061 1040 4162; x_wconf 77' lang='grc' dir='ltr'><strong><em>Μακεδονίᾳ,</em></strong></span> <span class='ocrx_word' id='word_1_307' title='bbox 1067 4081 1106 4156; x_wconf 66' lang='lat' dir='ltr'><strong>,et</strong></span> <span class='ocrx_word' id='word_1_308' title='bbox 1118 4076 1272 4146; x_wconf 83' lang='lat' dir='ltr'><strong>consentit</strong></span> <span class='ocrx_word' id='word_1_309' title='bbox 1285 4073 1381 4140; x_wconf 85' lang='lat' dir='ltr'><strong>Diod.</strong></span> 
     </span>
     <span class='ocr_line' id='line_1_37' title="bbox 228 4164 1382 4262; baseline 0.002 -22"><span class='ocrx_word' id='word_1_310' title='bbox 228 4172 352 4243; x_wconf 74' lang='lat' dir='ltr'>XXIII.</span> <span class='ocrx_word' id='word_1_311' title='bbox 365 4178 417 4252; x_wconf 87' lang='lat'><strong>48,</strong></span> <span class='ocrx_word' id='word_1_312' title='bbox 431 4171 558 4242; x_wconf 83' lang='lat' dir='ltr'><strong>Arriau.</strong></span> <span class='ocrx_word' id='word_1_313' title='bbox 575 4176 660 4260; x_wconf 19' lang='lat' dir='ltr'><strong>,apud</strong></span> <span class='ocrx_word' id='word_1_314' title='bbox 673 4174 765 4261; x_wconf 80' lang='lat' dir='ltr'><strong>Pher.</strong></span> <span class='ocrx_word' id='word_1_315' title='bbox 778 4173 855 4242; x_wconf 87' lang='lat' dir='ltr'><strong>hihl.</strong></span> <span class='ocrx_word' id='word_1_316' title='bbox 863 4199 894 4262; x_wconf 91' lang='lat' dir='ltr'><strong>p.</strong></span> <span class='ocrx_word' id='word_1_317' title='bbox 906 4180 977 4242; x_wconf 81' lang='lat'><strong>217.</strong></span> <span class='ocrx_word' id='word_1_318' title='bbox 999 4176 1066 4244; x_wconf 82' lang='lat' dir='ltr'><strong>Sed</strong></span> <span class='ocrx_word' id='word_1_319' title='bbox 1073 4177 1154 4260; x_wconf 79' lang='lat' dir='ltr'><strong>haec</strong></span> <span class='ocrx_word' id='word_1_320' title='bbox 1164 4164 1293 4260; x_wconf 70' lang='lat' dir='ltr'><strong>puidam</strong></span> <span class='ocrx_word' id='word_1_321' title='bbox 1306 4180 1382 4242; x_wconf 84' lang='lat' dir='ltr'><strong>satis</strong></span> 
     </span>
     <span class='ocr_line' id='line_1_38' title="bbox 229 4272 1302 4342; baseline -0.002 -2"><span class='ocrx_word' id='word_1_322' title='bbox 229 4278 270 4342; x_wconf 89' lang='lat' dir='ltr'><strong>de</strong></span> <span class='ocrx_word' id='word_1_323' title='bbox 281 4275 451 4341; x_wconf 88' lang='lat' dir='ltr'><strong>Phocionis</strong></span> <span class='ocrx_word' id='word_1_324' title='bbox 467 4272 557 4338; x_wconf 89' lang='lat' dir='ltr'><strong>locis.</strong></span> <span class='ocrx_word' id='word_1_325' title='bbox 1075 4296 1076 4304; x_wconf 53' lang='lat'>¹</span> <span class='ocrx_word' id='word_1_326' title='bbox 1299 4301 1302 4306; x_wconf 94' lang='lat'>·</span> 
     </span>
    </p>
   </div>
   <div class='ocr_carea' id='block_1_5' title="bbox 0 0 1526 4986">
    <p class='ocr_par' dir='ltr' id='par_1_6' title="bbox 0 0 1526 4986">
     <span class='ocr_line' id='line_1_39' title="bbox 0 0 1526 4986; baseline 0 0"><span class='ocrx_word' id='word_1_327' title='bbox 0 0 1526 4986; x_wconf 95' lang='lat' dir='ltr'><strong> </strong></span> 
     </span>
    </p>
   </div>
  </div>
 </body>
</html>
