<?xml version="1.0" encoding="UTF-8"?>
<!DOCTYPE html PUBLIC "-//W3C//DTD XHTML 1.0 Transitional//EN"
    "http://www.w3.org/TR/xhtml1/DTD/xhtml1-transitional.dtd">
<html xmlns="http://www.w3.org/1999/xhtml" xml:lang="en" lang="en">
 <head>
  <title>
</title>
<meta http-equiv="Content-Type" content="text/html;charset=utf-8" />
  <meta name='ocr-system' content='tesseract 3.04.00' />
  <meta name='ocr-capabilities' content='ocr_page ocr_carea ocr_par ocr_line ocrx_word'/>
</head>
<body>
  <div class='ocr_page' id='page_1' title='image "actasocietatisg00funkgoog_0066.png"; bbox 0 0 3044 4986; ppageno 0'>
   <div class='ocr_carea' id='block_1_1' title="bbox 664 191 950 274">
    <p class='ocr_par' dir='ltr' id='par_1_1' title="bbox 664 191 950 274">
     <span class='ocr_line' id='line_1_1' title="bbox 664 191 950 274; baseline -0.021 -17"><span class='ocrx_word' id='word_1_1' title='bbox 664 191 950 274; x_wconf 71' lang='lat'><strong>...53-</strong></span> 
     </span>
    </p>
   </div>
   <div class='ocr_carea' id='block_1_2' title="bbox 223 361 1443 758">
    <p class='ocr_par' dir='ltr' id='par_1_2' title="bbox 223 361 1443 758">
     <span class='ocr_line' id='line_1_2' title="bbox 227 361 1384 456; baseline -0.001 -21"><span class='ocrx_word' id='word_1_2' title='bbox 227 367 429 449; x_wconf 73' lang='grc' dir='ltr'><strong>ΚαίσωνοςΙ</strong></span> <span class='ocrx_word' id='word_1_3' title='bbox 455 367 502 438; x_wconf 73' lang='lat' dir='ltr'><strong>tt</strong></span> <span class='ocrx_word' id='word_1_4' title='bbox 525 361 571 438; x_wconf 75' lang='grc' dir='ltr'><strong>οὗ</strong></span> <span class='ocrx_word' id='word_1_5' title='bbox 597 366 798 456; x_wconf 69' lang='grc' dir='ltr'><strong><em>λέγουσιν.</em></strong></span> <span class='ocrx_word' id='word_1_6' title='bbox 817 368 822 381; x_wconf 83' lang='grc'>’</span> <span class='ocrx_word' id='word_1_7' title='bbox 840 366 908 432; x_wconf 79' lang='lat' dir='ltr'><strong>lam</strong></span> <span class='ocrx_word' id='word_1_8' title='bbox 928 387 1024 454; x_wconf 87' lang='lat' dir='ltr'><strong>quum</strong></span> <span class='ocrx_word' id='word_1_9' title='bbox 1042 387 1102 455; x_wconf 85' lang='lat' dir='ltr'><strong>per</strong></span> <span class='ocrx_word' id='word_1_10' title='bbox 1119 371 1197 434; x_wconf 75' lang='lat' dir='ltr'><strong>sese</strong></span> <span class='ocrx_word' id='word_1_11' title='bbox 1221 367 1384 434; x_wconf 79' lang='lat' dir='ltr'><strong>offendere</strong></span> 
     </span>
     <span class='ocr_line' id='line_1_3' title="bbox 223 463 1384 558; baseline -0.001 -23"><span class='ocrx_word' id='word_1_12' title='bbox 223 473 344 557; x_wconf 85' lang='lat' dir='ltr'><strong>pessit,</strong></span> <span class='ocrx_word' id='word_1_13' title='bbox 374 473 459 558; x_wconf 85' lang='lat' dir='ltr'><strong>quud</strong></span> <span class='ocrx_word' id='word_1_14' title='bbox 485 471 550 536; x_wconf 82' lang='lat' dir='ltr'><strong>alic</strong></span> <span class='ocrx_word' id='word_1_15' title='bbox 580 471 651 535; x_wconf 88' lang='grc' dir='ltr'><strong><em>Ιοοο</em></strong></span> <span class='ocrx_word' id='word_1_16' title='bbox 680 469 761 534; x_wconf 81' lang='lat' dir='ltr'><strong>alius</strong></span> <span class='ocrx_word' id='word_1_17' title='bbox 788 471 912 534; x_wconf 83' lang='lat' dir='ltr'><strong>dicterii</strong></span> <span class='ocrx_word' id='word_1_18' title='bbox 940 469 1027 534; x_wconf 87' lang='lat' dir='ltr'><strong>illius</strong></span> <span class='ocrx_word' id='word_1_19' title='bbox 1055 463 1164 534; x_wconf 70' lang='lat' dir='ltr'><strong>auctu</strong></span> <span class='ocrx_word' id='word_1_20' title='bbox 1187 469 1384 556; x_wconf 84' lang='lat' dir='ltr'><strong>perhibetur,</strong></span> 
     </span>
     <span class='ocr_line' id='line_1_4' title="bbox 226 570 1383 659; baseline -0.001 -23"><span class='ocrx_word' id='word_1_21' title='bbox 226 595 416 659; x_wconf 79' lang='lat' dir='ltr'><strong>quamquem</strong></span> <span class='ocrx_word' id='word_1_22' title='bbox 428 574 462 638; x_wconf 93' lang='lat' dir='ltr'><strong>id</strong></span> <span class='ocrx_word' id='word_1_23' title='bbox 475 574 558 658; x_wconf 78' lang='lat' dir='ltr'><strong>apud</strong></span> <span class='ocrx_word' id='word_1_24' title='bbox 573 571 774 636; x_wconf 76' lang='lat' dir='ltr'>Plutarchum</span> <span class='ocrx_word' id='word_1_25' title='bbox 792 572 919 658; x_wconf 88' lang='lat' dir='ltr'><strong>quidem</strong></span> <span class='ocrx_word' id='word_1_26' title='bbox 938 592 1003 634; x_wconf 89' lang='lat' dir='ltr'><strong>nun</strong></span> <span class='ocrx_word' id='word_1_27' title='bbox 1021 574 1069 634; x_wconf 78' lang='lat' dir='ltr'><strong>its</strong></span> <span class='ocrx_word' id='word_1_28' title='bbox 1087 574 1200 636; x_wconf 76' lang='lat' dir='ltr'><strong>minim</strong></span> <span class='ocrx_word' id='word_1_29' title='bbox 1216 570 1383 654; x_wconf 82' lang='lat' dir='ltr'><strong>videbitur,</strong></span> 
     </span>
     <span class='ocr_line' id='line_1_5' title="bbox 225 671 1443 758; baseline -0.002 -20"><span class='ocrx_word' id='word_1_30' title='bbox 225 673 288 739; x_wconf 88' lang='lat' dir='ltr'><strong>buc</strong></span> <span class='ocrx_word' id='word_1_31' title='bbox 302 687 408 738; x_wconf 86' lang='lat' dir='ltr'><strong>tumen</strong></span> <span class='ocrx_word' id='word_1_32' title='bbox 420 677 505 755; x_wconf 76' lang='lat' dir='ltr'><strong>iure,</strong></span> <span class='ocrx_word' id='word_1_33' title='bbox 521 674 633 754; x_wconf 85' lang='lat' dir='ltr'><strong>crede,</strong></span> <span class='ocrx_word' id='word_1_34' title='bbox 654 671 739 736; x_wconf 83' lang='lat' dir='ltr'><strong>mule</strong></span> <span class='ocrx_word' id='word_1_35' title='bbox 753 693 812 736; x_wconf 86' lang='lat' dir='ltr'><strong>nos</strong></span> <span class='ocrx_word' id='word_1_36' title='bbox 826 672 933 753; x_wconf 80' lang='lat' dir='ltr'><strong>habet,</strong></span> <span class='ocrx_word' id='word_1_37' title='bbox 956 673 1040 757; x_wconf 87' lang='lat' dir='ltr'><strong>quud</strong></span> <span class='ocrx_word' id='word_1_38' title='bbox 1058 671 1109 736; x_wconf 90' lang='lat' dir='ltr'><strong>hic</strong></span> <span class='ocrx_word' id='word_1_39' title='bbox 1123 675 1170 752; x_wconf 84' lang='lat' dir='ltr'><strong>sic</strong></span> <span class='ocrx_word' id='word_1_40' title='bbox 1188 672 1383 758; x_wconf 79' lang='lat' dir='ltr'><strong>simpliciter,</strong></span> <span class='ocrx_word' id='word_1_41' title='bbox 1438 743 1443 756; x_wconf 33' lang='lat'><strong>¹</strong></span> 
     </span>
    </p>
   </div>
   <div class='ocr_carea' id='block_1_3' title="bbox 227 773 1506 858">
    <p class='ocr_par' dir='ltr' id='par_1_3' title="bbox 227 773 1506 858">
     <span class='ocr_line' id='line_1_6' title="bbox 227 773 1506 858; baseline 0 -20"><span class='ocrx_word' id='word_1_42' title='bbox 227 778 311 840; x_wconf 90' lang='lat' dir='ltr'><strong>utin</strong></span> <span class='ocrx_word' id='word_1_43' title='bbox 329 799 364 839; x_wconf 90' lang='lat' dir='ltr'><strong>re</strong></span> <span class='ocrx_word' id='word_1_44' title='bbox 384 788 468 840; x_wconf 83' lang='lat' dir='ltr'><strong>certa</strong></span> <span class='ocrx_word' id='word_1_45' title='bbox 491 787 523 839; x_wconf 91' lang='lat' dir='ltr'><strong>et</strong></span> <span class='ocrx_word' id='word_1_46' title='bbox 544 773 737 854; x_wconf 76' lang='lat' dir='ltr'><strong>indubitata,</strong></span> <span class='ocrx_word' id='word_1_47' title='bbox 763 776 872 858; x_wconf 84' lang='lat' dir='ltr'><strong>ignoto</strong></span> <span class='ocrx_word' id='word_1_48' title='bbox 890 787 922 838; x_wconf 83' lang='lat' dir='ltr'><strong>et</strong></span> <span class='ocrx_word' id='word_1_49' title='bbox 934 777 992 838; x_wconf 85' lang='lat' dir='ltr'><strong>vix</strong></span> <span class='ocrx_word' id='word_1_50' title='bbox 1007 774 1098 839; x_wconf 80' lang='lat' dir='ltr'><strong>latini</strong></span> <span class='ocrx_word' id='word_1_51' title='bbox 1111 776 1247 838; x_wconf 84' lang='lat' dir='ltr'><strong>nominis</strong></span> <span class='ocrx_word' id='word_1_52' title='bbox 1261 773 1384 838; x_wconf 85' lang='lat' dir='ltr'><strong>bomini</strong></span> <span class='ocrx_word' id='word_1_53' title='bbox 1505 827 1506 846; x_wconf 65' lang='lat'><strong>.</strong></span> 
     </span>
    </p>
   </div>
   <div class='ocr_carea' id='block_1_4' title="bbox 224 873 1448 1264">
    <p class='ocr_par' dir='ltr' id='par_1_4' title="bbox 225 873 1384 1164">
     <span class='ocr_line' id='line_1_7' title="bbox 227 873 1383 962; baseline -0.002 -22"><span class='ocrx_word' id='word_1_54' title='bbox 227 874 308 941; x_wconf 83' lang='lat' dir='ltr'><strong>haec</strong></span> <span class='ocrx_word' id='word_1_55' title='bbox 334 875 518 941; x_wconf 84' lang='lat' dir='ltr'><strong>tribuuntur.</strong></span> <span class='ocrx_word' id='word_1_56' title='bbox 562 874 761 962; x_wconf 73' lang='lat' dir='ltr'><strong>Quamquam</strong></span> <span class='ocrx_word' id='word_1_57' title='bbox 787 876 871 962; x_wconf 89' lang='lat' dir='ltr'><strong>quod</strong></span> <span class='ocrx_word' id='word_1_58' title='bbox 896 888 983 942; x_wconf 81' lang='lat' dir='ltr'><strong>certe</strong></span> <span class='ocrx_word' id='word_1_59' title='bbox 1015 888 1151 940; x_wconf 78' lang='lat' dir='ltr'><strong>statuum</strong></span> <span class='ocrx_word' id='word_1_60' title='bbox 1179 896 1243 940; x_wconf 90' lang='lat' dir='ltr'><strong>uun</strong></span> <span class='ocrx_word' id='word_1_61' title='bbox 1267 873 1383 955; x_wconf 78' lang='lat' dir='ltr'><strong>babeo,</strong></span> 
     </span>
     <span class='ocr_line' id='line_1_8' title="bbox 226 975 1384 1063; baseline -0.003 -21"><span class='ocrx_word' id='word_1_62' title='bbox 226 975 335 1042; x_wconf 78' lang='lat' dir='ltr'><strong>licebit</strong></span> <span class='ocrx_word' id='word_1_63' title='bbox 351 989 460 1042; x_wconf 80' lang='lat' dir='ltr'><strong>tamen</strong></span> <span class='ocrx_word' id='word_1_64' title='bbox 481 997 585 1042; x_wconf 80' lang='lat' dir='ltr'><strong>meam</strong></span> <span class='ocrx_word' id='word_1_65' title='bbox 607 977 763 1062; x_wconf 80' lang='lat' dir='ltr'><strong>quendum</strong></span> <span class='ocrx_word' id='word_1_66' title='bbox 786 976 927 1062; x_wconf 81' lang='lat' dir='ltr'><strong>prolerre</strong></span> <span class='ocrx_word' id='word_1_67' title='bbox 950 979 1180 1062; x_wconf 76' lang='lat' dir='ltr'><strong>suspicionem,</strong></span> <span class='ocrx_word' id='word_1_68' title='bbox 1217 999 1314 1063; x_wconf 79' lang='lat' dir='ltr'><strong>quse,</strong></span> <span class='ocrx_word' id='word_1_69' title='bbox 1353 979 1384 1040; x_wconf 89' lang='lat' dir='ltr'><strong>si</strong></span> 
     </span>
     <span class='ocr_line' id='line_1_9' title="bbox 225 1076 1383 1164; baseline -0.003 -20"><span class='ocrx_word' id='word_1_70' title='bbox 225 1100 301 1144; x_wconf 84' lang='lat' dir='ltr'><strong>veru</strong></span> <span class='ocrx_word' id='word_1_71' title='bbox 317 1081 390 1163; x_wconf 80' lang='lat' dir='ltr'><strong>ipsa</strong></span> <span class='ocrx_word' id='word_1_72' title='bbox 406 1099 471 1143; x_wconf 88' lang='lat' dir='ltr'><strong>non</strong></span> <span class='ocrx_word' id='word_1_73' title='bbox 492 1080 549 1158; x_wconf 92' lang='lat' dir='ltr'><strong>sit,</strong></span> <span class='ocrx_word' id='word_1_74' title='bbox 572 1076 653 1142; x_wconf 78' lang='lat' dir='ltr'><strong>alius</strong></span> <span class='ocrx_word' id='word_1_75' title='bbox 671 1077 805 1142; x_wconf 77' lang='lat' dir='ltr'><strong>fortusse</strong></span> <span class='ocrx_word' id='word_1_76' title='bbox 826 1099 867 1142; x_wconf 84' lang='grc' dir='ltr'><strong>οο</strong></span> <span class='ocrx_word' id='word_1_77' title='bbox 890 1079 1039 1159; x_wconf 78' lang='lat' dir='ltr'><strong>adducet,</strong></span> <span class='ocrx_word' id='word_1_78' title='bbox 1060 1091 1096 1142; x_wconf 91' lang='lat' dir='ltr'><strong>ut</strong></span> <span class='ocrx_word' id='word_1_79' title='bbox 1117 1077 1192 1164; x_wconf 85' lang='lat' dir='ltr'><strong>quid</strong></span> <span class='ocrx_word' id='word_1_80' title='bbox 1210 1099 1319 1144; x_wconf 85' lang='lat' dir='ltr'><strong>verum</strong></span> <span class='ocrx_word' id='word_1_81' title='bbox 1339 1080 1383 1140; x_wconf 89' lang='lat' dir='ltr'><strong>sit</strong></span> 
     </span>
    </p>

    <p class='ocr_par' dir='ltr' id='par_1_5' title="bbox 224 1159 1448 1264">
     <span class='ocr_line' id='line_1_10' title="bbox 224 1159 1448 1264; baseline -0.002 -20"><span class='ocrx_word' id='word_1_82' title='bbox 224 1180 349 1245; x_wconf 73' lang='lat' dir='ltr'><strong>facilius</strong></span> <span class='ocrx_word' id='word_1_83' title='bbox 375 1181 544 1264; x_wconf 77' lang='lat' dir='ltr'><strong>reperient.</strong></span> <span class='ocrx_word' id='word_1_84' title='bbox 586 1177 738 1263; x_wconf 80' lang='lat' dir='ltr'><strong>Suspicor</strong></span> <span class='ocrx_word' id='word_1_85' title='bbox 765 1181 848 1243; x_wconf 87' lang='lat' dir='ltr'><strong>euim</strong></span> <span class='ocrx_word' id='word_1_86' title='bbox 875 1178 1087 1244; x_wconf 81' lang='lat' dir='ltr'><strong>Plutarchum·</strong></span> <span class='ocrx_word' id='word_1_87' title='bbox 1107 1199 1165 1264; x_wconf 85' lang='lat' dir='ltr'><strong>pru</strong></span> <span class='ocrx_word' id='word_1_88' title='bbox 1194 1175 1383 1255; x_wconf 72' lang='grc' dir='ltr'><strong><em>ἐπαναστὰς</em></strong></span> <span class='ocrx_word' id='word_1_89' title='bbox 1444 1159 1448 1174; x_wconf 71' lang='grc'><strong>’</strong></span> 
     </span>
    </p>
   </div>
   <div class='ocr_carea' id='block_1_5' title="bbox 221 1272 1486 1366">
    <p class='ocr_par' dir='ltr' id='par_1_6' title="bbox 221 1272 1486 1366">
     <span class='ocr_line' id='line_1_11' title="bbox 221 1272 1486 1366; baseline -0.006 -17"><span class='ocrx_word' id='word_1_90' title='bbox 221 1274 377 1365; x_wconf 73' lang='grc' dir='ltr'><strong><em>’Λμναῖος</em></strong></span> <span class='ocrx_word' id='word_1_91' title='bbox 403 1283 566 1366; x_wconf 81' lang='lat' dir='ltr'><strong>scripsisse</strong></span> <span class='ocrx_word' id='word_1_92' title='bbox 595 1272 785 1356; x_wconf 74' lang='grc' dir='ltr'><strong><em>ἐπαναστάς</em></strong></span> <span class='ocrx_word' id='word_1_93' title='bbox 808 1303 859 1357; x_wconf 83' lang='grc' dir='ltr'><strong><em>τις</em></strong></span> <span class='ocrx_word' id='word_1_94' title='bbox 889 1283 1050 1366; x_wconf 74' lang='grc' dir='ltr'><em>γενναῖος,</em></span> <span class='ocrx_word' id='word_1_95' title='bbox 1092 1278 1131 1342; x_wconf 78' lang='grc' dir='ltr'><strong>ιιι</strong></span> <span class='ocrx_word' id='word_1_96' title='bbox 1153 1292 1298 1344; x_wconf 78' lang='lat' dir='ltr'><strong>accurate</strong></span> <span class='ocrx_word' id='word_1_97' title='bbox 1319 1281 1381 1342; x_wconf 85' lang='lat' dir='ltr'><strong>viri</strong></span> <span class='ocrx_word' id='word_1_98' title='bbox 1482 1302 1486 1320; x_wconf 74' lang='lat'><strong>¹</strong></span> 
     </span>
    </p>
   </div>
   <div class='ocr_carea' id='block_1_6' title="bbox 223 1378 1381 1975">
    <p class='ocr_par' dir='ltr' id='par_1_7' title="bbox 223 1378 1381 1975">
     <span class='ocr_line' id='line_1_12' title="bbox 223 1378 1381 1467; baseline -0.005 -20"><span class='ocrx_word' id='word_1_99' title='bbox 223 1404 340 1463; x_wconf 86' lang='lat' dir='ltr'><strong>nomeu</strong></span> <span class='ocrx_word' id='word_1_100' title='bbox 359 1402 423 1445; x_wconf 87' lang='lat' dir='ltr'><strong>nen</strong></span> <span class='ocrx_word' id='word_1_101' title='bbox 443 1379 684 1467; x_wconf 77' lang='lat' dir='ltr'><strong>significaverit,</strong></span> <span class='ocrx_word' id='word_1_102' title='bbox 701 1381 754 1443; x_wconf 84' lang='lat' dir='ltr'><strong>de</strong></span> <span class='ocrx_word' id='word_1_103' title='bbox 779 1401 840 1466; x_wconf 88' lang='lat' dir='ltr'><strong>quo</strong></span> <span class='ocrx_word' id='word_1_104' title='bbox 863 1381 1000 1446; x_wconf 79' lang='lat' dir='ltr'><strong>dubitari</strong></span> <span class='ocrx_word' id='word_1_105' title='bbox 1013 1379 1071 1444; x_wconf 88' lang='lat' dir='ltr'><strong>illo</strong></span> <span class='ocrx_word' id='word_1_106' title='bbox 1085 1379 1158 1444; x_wconf 80' lang='lat' dir='ltr'><strong>locu</strong></span> <span class='ocrx_word' id='word_1_107' title='bbox 1173 1380 1268 1445; x_wconf 80' lang='lat' dir='ltr'><strong>dixit.</strong></span> <span class='ocrx_word' id='word_1_108' title='bbox 1306 1378 1381 1463; x_wconf 80' lang='lat' dir='ltr'><strong>Ipsa</strong></span> 
     </span>
     <span class='ocr_line' id='line_1_13' title="bbox 224 1481 1379 1571; baseline -0.005 -24"><span class='ocrx_word' id='word_1_109' title='bbox 224 1484 351 1571; x_wconf 85' lang='lat' dir='ltr'><strong>quidem</strong></span> <span class='ocrx_word' id='word_1_110' title='bbox 375 1485 516 1546; x_wconf 64' lang='lat' dir='ltr'><strong>muntia.</strong></span> <span class='ocrx_word' id='word_1_111' title='bbox 536 1481 790 1546; x_wconf 81' lang='lat' dir='ltr'><strong>nonedmudum</strong></span> <span class='ocrx_word' id='word_1_112' title='bbox 814 1483 954 1549; x_wconf 81' lang='lat' dir='ltr'><strong>violente</strong></span> <span class='ocrx_word' id='word_1_113' title='bbox 979 1481 1152 1560; x_wconf 80' lang='lat' dir='ltr'><strong>videbitur,</strong></span> <span class='ocrx_word' id='word_1_114' title='bbox 1187 1482 1216 1546; x_wconf 87' lang='lat' dir='ltr'><strong>si</strong></span> <span class='ocrx_word' id='word_1_115' title='bbox 1240 1492 1379 1565; x_wconf 79' lang='lat' dir='ltr'><strong>reputes,</strong></span> 
     </span>
     <span class='ocr_line' id='line_1_14' title="bbox 225 1580 1380 1673; baseline -0.004 -25"><span class='ocrx_word' id='word_1_116' title='bbox 225 1585 310 1673; x_wconf 81' lang='lat' dir='ltr'><strong>quud</strong></span> <span class='ocrx_word' id='word_1_117' title='bbox 331 1585 425 1669; x_wconf 87' lang='lat' dir='ltr'><strong>posui</strong></span> <span class='ocrx_word' id='word_1_118' title='bbox 445 1607 496 1661; x_wconf 84' lang='grc' dir='ltr'><strong><em>τις</em></strong></span> <span class='ocrx_word' id='word_1_119' title='bbox 514 1594 644 1668; x_wconf 85' lang='lat' dir='ltr'><strong>propter</strong></span> <span class='ocrx_word' id='word_1_120' title='bbox 667 1582 804 1648; x_wconf 84' lang='lat' dir='ltr'><strong>similem</strong></span> <span class='ocrx_word' id='word_1_121' title='bbox 832 1606 913 1671; x_wconf 71' lang='lat' dir='ltr'><strong>quiae</strong></span> <span class='ocrx_word' id='word_1_122' title='bbox 930 1585 1088 1650; x_wconf 79' lang='lat' dir='ltr'><strong>antecedit</strong></span> <span class='ocrx_word' id='word_1_123' title='bbox 1110 1580 1266 1666; x_wconf 73' lang='lat' dir='ltr'><strong>syllabam</strong></span> <span class='ocrx_word' id='word_1_124' title='bbox 1285 1580 1380 1645; x_wconf 72' lang='lat' dir='ltr'><strong>facile</strong></span> 
     </span>
     <span class='ocr_line' id='line_1_15' title="bbox 224 1681 1380 1774; baseline -0.004 -23"><span class='ocrx_word' id='word_1_125' title='bbox 224 1688 366 1774; x_wconf 80' lang='lat' dir='ltr'><strong>potuisse</strong></span> <span class='ocrx_word' id='word_1_126' title='bbox 392 1683 553 1748; x_wconf 83' lang='lat' dir='ltr'><strong>excidere.</strong></span> <span class='ocrx_word' id='word_1_127' title='bbox 594 1684 635 1748; x_wconf 88' lang='lat' dir='ltr'><strong>Et</strong></span> <span class='ocrx_word' id='word_1_128' title='bbox 656 1682 842 1750; x_wconf 79' lang='lat' dir='ltr'><strong>Plutarchus</strong></span> <span class='ocrx_word' id='word_1_129' title='bbox 869 1687 996 1773; x_wconf 83' lang='lat' dir='ltr'><strong>quidem</strong></span> <span class='ocrx_word' id='word_1_130' title='bbox 1023 1684 1095 1749; x_wconf 82' lang='lat' dir='ltr'><strong>eliis</strong></span> <span class='ocrx_word' id='word_1_131' title='bbox 1116 1686 1212 1747; x_wconf 77' lang='lat' dir='ltr'><strong>etiam</strong></span> <span class='ocrx_word' id='word_1_132' title='bbox 1231 1681 1311 1746; x_wconf 87' lang='lat' dir='ltr'><strong>locis</strong></span> <span class='ocrx_word' id='word_1_133' title='bbox 1333 1684 1380 1746; x_wconf 86' lang='lat' dir='ltr'><strong>siu</strong></span> 
     </span>
     <span class='ocr_line' id='line_1_16' title="bbox 224 1785 1381 1874; baseline -0.008 -20"><span class='ocrx_word' id='word_1_134' title='bbox 224 1791 352 1854; x_wconf 84' lang='lat' dir='ltr'><strong>numine</strong></span> <span class='ocrx_word' id='word_1_135' title='bbox 374 1807 440 1850; x_wconf 85' lang='lat' dir='ltr'><strong>non</strong></span> <span class='ocrx_word' id='word_1_136' title='bbox 458 1785 565 1850; x_wconf 75' lang='lat' dir='ltr'><strong>additu</strong></span> <span class='ocrx_word' id='word_1_137' title='bbox 588 1807 628 1848; x_wconf 81' lang='lat' dir='ltr'><strong>ea</strong></span> <span class='ocrx_word' id='word_1_138' title='bbox 647 1789 801 1867; x_wconf 80' lang='lat' dir='ltr'><strong>narravit,</strong></span> <span class='ocrx_word' id='word_1_139' title='bbox 832 1810 914 1874; x_wconf 87' lang='lat' dir='ltr'><strong>quae</strong></span> <span class='ocrx_word' id='word_1_140' title='bbox 936 1787 1015 1852; x_wconf 81' lang='lat' dir='ltr'><strong>alibi</strong></span> <span class='ocrx_word' id='word_1_141' title='bbox 1046 1799 1132 1850; x_wconf 86' lang='lat' dir='ltr'><strong>certo</strong></span> <span class='ocrx_word' id='word_1_142' title='bbox 1157 1786 1381 1870; x_wconf 84' lang='lat' dir='ltr'><strong>pronuntiavit.</strong></span> 
     </span>
     <span class='ocr_line' id='line_1_17' title="bbox 224 1875 1378 1975; baseline -0.005 -21"><span class='ocrx_word' id='word_1_143' title='bbox 224 1875 514 1954; x_wconf 82' lang='lat' dir='ltr'><strong>ItaDemostb.c.l.</strong></span> <span class='ocrx_word' id='word_1_144' title='bbox 535 1883 663 1970; x_wconf 71' lang='lat' dir='ltr'><strong>ysicius</strong></span> <span class='ocrx_word' id='word_1_145' title='bbox 683 1885 889 1975; x_wconf 63' lang='lat' dir='ltr'><strong>ydtaesinquin</strong></span> <span class='ocrx_word' id='word_1_146' title='bbox 911 1885 1005 1966; x_wconf 74' lang='grc' dir='ltr'><strong><em>εἴτις</em></strong></span> <span class='ocrx_word' id='word_1_147' title='bbox 1024 1881 1130 1952; x_wconf 77' lang='grc' dir='ltr'><strong><em>σ’ίαιτο</em></strong></span> <span class='ocrx_word' id='word_1_148' title='bbox 1148 1879 1208 1972; x_wconf 75' lang='grc' dir='ltr'><strong>τήν</strong></span> <span class='ocrx_word' id='word_1_149' title='bbox 1225 1877 1378 1963; x_wconf 78' lang='grc' dir='ltr'><strong><em>Ἰουλίδα,</em></strong></span> 
     </span>
    </p>
   </div>
   <div class='ocr_carea' id='block_1_7' title="bbox 107 1976 1426 2080">
    <p class='ocr_par' dir='ltr' id='par_1_8' title="bbox 107 1976 1426 2080">
     <span class='ocr_line' id='line_1_18' title="bbox 107 1976 1426 2080; baseline -0.004 -28"><span class='ocrx_word' id='word_1_150' title='bbox 107 2043 112 2052; x_wconf 97' lang='grc'><strong>.</strong></span> <span class='ocrx_word' id='word_1_151' title='bbox 224 1991 327 2080; x_wconf 81' lang='grc' dir='ltr'><strong><em>μέρος</em></strong></span> <span class='ocrx_word' id='word_1_152' title='bbox 350 1983 472 2071; x_wconf 80' lang='grc' dir='ltr'><strong><em>μικρὰν</em></strong></span> <span class='ocrx_word' id='word_1_153' title='bbox 502 1976 604 2050; x_wconf 81' lang='grc' dir='ltr'><strong><em>οὖσαν</em></strong></span> <span class='ocrx_word' id='word_1_154' title='bbox 638 1981 677 2052; x_wconf 80' lang='grc' dir='ltr'><strong>οὗ</strong></span> <span class='ocrx_word' id='word_1_155' title='bbox 704 1986 850 2077; x_wconf 80' lang='grc' dir='ltr'><em>μεγάλης</em></span> <span class='ocrx_word' id='word_1_156' title='bbox 875 1989 977 2077; x_wconf 70' lang='grc' dir='ltr'><strong><em>νήσου</em></strong></span> <span class='ocrx_word' id='word_1_157' title='bbox 1012 1989 1070 2074; x_wconf 78' lang='grc' dir='ltr'><strong>τῆς</strong></span> <span class='ocrx_word' id='word_1_158' title='bbox 1097 1984 1213 2064; x_wconf 67' lang='grc' dir='ltr'><strong><em>Κέον,</em></strong></span> <span class='ocrx_word' id='word_1_159' title='bbox 1235 1981 1292 2049; x_wconf 81' lang='grc' dir='ltr'><strong>καί</strong></span> <span class='ocrx_word' id='word_1_160' title='bbox 1319 1982 1379 2072; x_wconf 74' lang='grc' dir='ltr'><strong>τὴν</strong></span> <span class='ocrx_word' id='word_1_161' title='bbox 1421 2038 1426 2047; x_wconf 97' lang='grc'><strong>.</strong></span> 
     </span>
    </p>
   </div>
   <div class='ocr_carea' id='block_1_8' title="bbox 223 2078 1468 3487">
    <p class='ocr_par' dir='ltr' id='par_1_9' title="bbox 223 2078 1468 3487">
     <span class='ocr_line' id='line_1_19' title="bbox 224 2078 1380 2180; baseline -0.003 -24"><span class='ocrx_word' id='word_1_162' title='bbox 224 2089 386 2180; x_wconf 72' lang='grc' dir='ltr'><strong><em>Αἴγιναν,</em></strong></span> <span class='ocrx_word' id='word_1_163' title='bbox 407 2079 448 2175; x_wconf 72' lang='grc' dir='ltr'><strong>ἣν</strong></span> <span class='ocrx_word' id='word_1_164' title='bbox 466 2089 546 2152; x_wconf 88' lang='grc' dir='ltr'><strong>τῶν</strong></span> <span class='ocrx_word' id='word_1_165' title='bbox 561 2079 758 2155; x_wconf 80' lang='grc' dir='ltr'><strong><em>Ἀττικῶν</em></strong></span> <span class='ocrx_word' id='word_1_166' title='bbox 778 2113 842 2167; x_wconf 87' lang='grc' dir='ltr'><strong><em>τις</em></strong></span> <span class='ocrx_word' id='word_1_167' title='bbox 861 2089 1008 2156; x_wconf 74' lang='grc' dir='ltr'><strong><em>ἐκέλευον</em></strong></span> <span class='ocrx_word' id='word_1_168' title='bbox 1031 2082 1203 2175; x_wconf 79' lang='grc' dir='ltr'><strong><em>ῶςλήμην</em></strong></span> <span class='ocrx_word' id='word_1_169' title='bbox 1223 2078 1380 2175; x_wconf 72' lang='grc' dir='ltr'><strong><em>ἀφαιρῶν</em></strong></span> 
     </span>
     <span class='ocr_line' id='line_1_20' title="bbox 225 2181 1379 2280; baseline -0.008 -19"><span class='ocrx_word' id='word_1_170' title='bbox 225 2196 286 2262; x_wconf 81' lang='grc' dir='ltr'><strong>τοῦ</strong></span> <span class='ocrx_word' id='word_1_171' title='bbox 301 2190 485 2278; x_wconf 82' lang='grc' dir='ltr'><strong><em>Πειραιῶς,</em></strong></span> <span class='ocrx_word' id='word_1_172' title='bbox 506 2181 690 2276; x_wconf 77' lang='grc' dir='ltr'><strong><em>ὑποκριτὰς</em></strong></span> <span class='ocrx_word' id='word_1_173' title='bbox 709 2186 770 2272; x_wconf 79' lang='grc' dir='ltr'><strong>μὲν</strong></span> <span class='ocrx_word' id='word_1_174' title='bbox 792 2181 945 2276; x_wconf 69' lang='grc' dir='ltr'><strong><em>ἀγαθοὺς</em></strong></span> <span class='ocrx_word' id='word_1_175' title='bbox 961 2187 1094 2280; x_wconf 80' lang='grc' dir='ltr'><strong>τρέφειν</strong></span> <span class='ocrx_word' id='word_1_176' title='bbox 1108 2187 1198 2266; x_wconf 86' lang='grc' dir='ltr'><strong><em>κτλ,</em></strong></span> <span class='ocrx_word' id='word_1_177' title='bbox 1220 2211 1314 2273; x_wconf 89' lang='lat' dir='ltr'><strong>quum</strong></span> <span class='ocrx_word' id='word_1_178' title='bbox 1332 2200 1379 2252; x_wconf 82' lang='lat' dir='ltr'><strong>ts·</strong></span> 
     </span>
     <span class='ocr_line' id='line_1_21' title="bbox 225 2287 1378 2376; baseline -0.003 -18"><span class='ocrx_word' id='word_1_179' title='bbox 225 2315 299 2362; x_wconf 83' lang='lat' dir='ltr'><strong>meu</strong></span> <span class='ocrx_word' id='word_1_180' title='bbox 312 2288 429 2354; x_wconf 87' lang='lat' dir='ltr'><strong>Pericl.</strong></span> <span class='ocrx_word' id='word_1_181' title='bbox 443 2311 470 2353; x_wconf 91' lang='lat' dir='ltr'><strong>c.</strong></span> <span class='ocrx_word' id='word_1_182' title='bbox 483 2287 578 2370; x_wconf 88' lang='lat' dir='ltr'><strong>Vlll,</strong></span> <span class='ocrx_word' id='word_1_183' title='bbox 600 2288 763 2376; x_wconf 89' lang='lat' dir='ltr'><strong>Apophth.</strong></span> <span class='ocrx_word' id='word_1_184' title='bbox 780 2313 813 2376; x_wconf 87' lang='lat' dir='ltr'><strong>p.</strong></span> <span class='ocrx_word' id='word_1_185' title='bbox 831 2297 902 2355; x_wconf 80' lang='grc'><strong>186.</strong></span> <span class='ocrx_word' id='word_1_186' title='bbox 924 2291 962 2357; x_wconf 89' lang='lat' dir='ltr'><strong>C.</strong></span> <span class='ocrx_word' id='word_1_187' title='bbox 976 2304 1008 2356; x_wconf 92' lang='lat' dir='ltr'><strong>et</strong></span> <span class='ocrx_word' id='word_1_188' title='bbox 1025 2289 1171 2376; x_wconf 84' lang='lat' dir='ltr'><strong>Reipubl.</strong></span> <span class='ocrx_word' id='word_1_189' title='bbox 1185 2311 1253 2374; x_wconf 81' lang='lat' dir='ltr'><strong>ger.</strong></span> <span class='ocrx_word' id='word_1_190' title='bbox 1272 2307 1378 2375; x_wconf 82' lang='lat' dir='ltr'><strong>praec.</strong></span> 
     </span>
     <span class='ocr_line' id='line_1_22' title="bbox 225 2388 1379 2484; baseline -0.004 -26"><span class='ocrx_word' id='word_1_191' title='bbox 225 2419 260 2484; x_wconf 88' lang='lat' dir='ltr'><strong>p.</strong></span> <span class='ocrx_word' id='word_1_192' title='bbox 282 2399 353 2458; x_wconf 82' lang='lat'><strong>803.</strong></span> <span class='ocrx_word' id='word_1_193' title='bbox 370 2391 411 2456; x_wconf 89' lang='lat' dir='ltr'><strong>A.</strong></span> <span class='ocrx_word' id='word_1_194' title='bbox 438 2403 524 2455; x_wconf 85' lang='lat' dir='ltr'><strong>certo</strong></span> <span class='ocrx_word' id='word_1_195' title='bbox 550 2388 612 2454; x_wconf 91' lang='lat' dir='ltr'><strong>hoc</strong></span> <span class='ocrx_word' id='word_1_196' title='bbox 640 2391 755 2456; x_wconf 84' lang='lat' dir='ltr'><strong>tribunt</strong></span> <span class='ocrx_word' id='word_1_197' title='bbox 779 2393 910 2458; x_wconf 73' lang='lat' dir='ltr'><strong>Pericli.</strong></span> <span class='ocrx_word' id='word_1_198' title='bbox 955 2392 1156 2478; x_wconf 83' lang='lat' dir='ltr'><strong>(Athenaeus</strong></span> <span class='ocrx_word' id='word_1_199' title='bbox 1183 2392 1309 2476; x_wconf 86' lang='lat' dir='ltr'><strong>quidem</strong></span> <span class='ocrx_word' id='word_1_200' title='bbox 1328 2393 1379 2454; x_wconf 90' lang='lat'><strong>111.</strong></span> 
     </span>
     <span class='ocr_line' id='line_1_23' title="bbox 225 2490 1378 2583; baseline -0.003 -25"><span class='ocrx_word' id='word_1_201' title='bbox 225 2521 258 2583; x_wconf 90' lang='lat' dir='ltr'><strong>p.</strong></span> <span class='ocrx_word' id='word_1_202' title='bbox 278 2499 329 2558; x_wconf 93' lang='grc'><strong>99.</strong></span> <span class='ocrx_word' id='word_1_203' title='bbox 346 2491 387 2555; x_wconf 88' lang='lat' dir='ltr'><strong>D.</strong></span> <span class='ocrx_word' id='word_1_204' title='bbox 415 2490 553 2556; x_wconf 84' lang='lat' dir='ltr'><strong>Demadi</strong></span> <span class='ocrx_word' id='word_1_205' title='bbox 574 2490 700 2573; x_wconf 85' lang='lat' dir='ltr'><strong>tribuit,</strong></span> <span class='ocrx_word' id='word_1_206' title='bbox 738 2507 771 2556; x_wconf 90' lang='lat' dir='ltr'><strong>ut</strong></span> <span class='ocrx_word' id='word_1_207' title='bbox 799 2506 834 2556; x_wconf 90' lang='lat' dir='ltr'><strong>tu</strong></span> <span class='ocrx_word' id='word_1_208' title='bbox 856 2494 1006 2559; x_wconf 86' lang='lat' dir='ltr'><strong>rettulisti</strong></span> <span class='ocrx_word' id='word_1_209' title='bbox 1026 2495 1067 2558; x_wconf 89' lang='lat' dir='ltr'><strong>ad</strong></span> <span class='ocrx_word' id='word_1_210' title='bbox 1087 2492 1242 2557; x_wconf 84' lang='lat' dir='ltr'><strong>Periclem</strong></span> <span class='ocrx_word' id='word_1_211' title='bbox 1261 2515 1293 2577; x_wconf 91' lang='lat' dir='ltr'><strong>p.</strong></span> <span class='ocrx_word' id='word_1_212' title='bbox 1314 2491 1378 2576; x_wconf 89' lang='grc'><strong>96.)</strong></span> 
     </span>
     <span class='ocr_line' id='line_1_24' title="bbox 227 2589 1379 2674; baseline -0.003 -14"><span class='ocrx_word' id='word_1_213' title='bbox 227 2595 358 2660; x_wconf 82' lang='lat' dir='ltr'><strong>Scilicet</strong></span> <span class='ocrx_word' id='word_1_214' title='bbox 369 2595 403 2654; x_wconf 89' lang='lat' dir='ltr'><strong>in</strong></span> <span class='ocrx_word' id='word_1_215' title='bbox 416 2589 510 2654; x_wconf 83' lang='lat' dir='ltr'><strong>[lem.</strong></span> <span class='ocrx_word' id='word_1_216' title='bbox 521 2591 594 2656; x_wconf 89' lang='lat' dir='ltr'><strong>loco</strong></span> <span class='ocrx_word' id='word_1_217' title='bbox 608 2612 672 2654; x_wconf 88' lang='lat' dir='ltr'><strong>nnn</strong></span> <span class='ocrx_word' id='word_1_218' title='bbox 685 2613 764 2674; x_wconf 80' lang='lat' dir='ltr'><strong>opus</strong></span> <span class='ocrx_word' id='word_1_219' title='bbox 779 2602 845 2654; x_wconf 83' lang='lat' dir='ltr'><strong>erut</strong></span> <span class='ocrx_word' id='word_1_220' title='bbox 857 2598 1001 2671; x_wconf 87' lang='lat' dir='ltr'><strong>nomine,</strong></span> <span class='ocrx_word' id='word_1_221' title='bbox 1031 2606 1063 2656; x_wconf 88' lang='lat' dir='ltr'><strong>et</strong></span> <span class='ocrx_word' id='word_1_222' title='bbox 1077 2596 1111 2655; x_wconf 93' lang='lat' dir='ltr'><strong>in</strong></span> <span class='ocrx_word' id='word_1_223' title='bbox 1126 2593 1196 2655; x_wconf 81' lang='lat' dir='ltr'><strong>Cat.</strong></span> <span class='ocrx_word' id='word_1_224' title='bbox 1209 2591 1282 2655; x_wconf 88' lang='lat' dir='ltr'><strong>lucu</strong></span> <span class='ocrx_word' id='word_1_225' title='bbox 1296 2591 1379 2656; x_wconf 85' lang='lat' dir='ltr'><strong>bene</strong></span> 
     </span>
     <span class='ocr_line' id='line_1_25' title="bbox 225 2688 1468 2782; baseline 0.003 -29"><span class='ocrx_word' id='word_1_226' title='bbox 225 2700 317 2774; x_wconf 53' lang='lat' dir='ltr'><strong>fede,</strong></span> <span class='ocrx_word' id='word_1_227' title='bbox 339 2690 423 2776; x_wconf 86' lang='lat' dir='ltr'><strong>quud</strong></span> <span class='ocrx_word' id='word_1_228' title='bbox 437 2688 568 2782; x_wconf 81' lang='lat' dir='ltr'><strong>Catonis</strong></span> <span class='ocrx_word' id='word_1_229' title='bbox 583 2692 709 2754; x_wconf 84' lang='lat' dir='ltr'><strong>nomine</strong></span> <span class='ocrx_word' id='word_1_230' title='bbox 724 2688 892 2772; x_wconf 83' lang='lat' dir='ltr'><strong>abstinuit,</strong></span> <span class='ocrx_word' id='word_1_231' title='bbox 915 2694 1071 2778; x_wconf 88' lang='lat' dir='ltr'><strong>siquidem</strong></span> <span class='ocrx_word' id='word_1_232' title='bbox 1090 2691 1135 2754; x_wconf 91' lang='lat' dir='ltr'><strong>ibi</strong></span> <span class='ocrx_word' id='word_1_233' title='bbox 1156 2703 1278 2770; x_wconf 77' lang='lat' dir='ltr'><strong>narrat,</strong></span> <span class='ocrx_word' id='word_1_234' title='bbox 1300 2713 1379 2776; x_wconf 87' lang='lat' dir='ltr'><strong>quu-</strong></span> <span class='ocrx_word' id='word_1_235' title='bbox 1465 2765 1468 2774; x_wconf 21' lang='grc' dir='ltr'><strong><em>Δ</em></strong></span> 
     </span>
     <span class='ocr_line' id='line_1_26' title="bbox 225 2787 1379 2880; baseline -0.008 -16"><span class='ocrx_word' id='word_1_236' title='bbox 225 2794 393 2864; x_wconf 82' lang='lat' dir='ltr'><strong>dummodo</strong></span> <span class='ocrx_word' id='word_1_237' title='bbox 404 2793 438 2854; x_wconf 91' lang='lat' dir='ltr'><strong>in</strong></span> <span class='ocrx_word' id='word_1_238' title='bbox 450 2789 651 2875; x_wconf 83' lang='lat' dir='ltr'><strong>proverbium</strong></span> <span class='ocrx_word' id='word_1_239' title='bbox 668 2791 785 2856; x_wconf 79' lang='lat' dir='ltr'><strong>abiisse</strong></span> <span class='ocrx_word' id='word_1_240' title='bbox 798 2827 841 2843; x_wconf 79' lang='lat'><strong>-</strong></span> <span class='ocrx_word' id='word_1_241' title='bbox 854 2791 1001 2870; x_wconf 74' lang='grc' dir='ltr'><strong><em>πολλοὺς</em></strong></span> <span class='ocrx_word' id='word_1_242' title='bbox 1021 2788 1133 2880; x_wconf 80' lang='grc' dir='ltr'><strong><em>ὥσπερ</em></strong></span> <span class='ocrx_word' id='word_1_243' title='bbox 1156 2789 1191 2856; x_wconf 77' lang='grc' dir='ltr'><strong>ἐν</strong></span> <span class='ocrx_word' id='word_1_244' title='bbox 1210 2787 1379 2880; x_wconf 78' lang='grc' dir='ltr'><strong><em>παροιμίᾳ</em></strong></span> 
     </span>
     <span class='ocr_line' id='line_1_27' title="bbox 223 2889 1377 2980; baseline -0.009 -14"><span class='ocrx_word' id='word_1_245' title='bbox 223 2895 288 2966; x_wconf 76' lang='grc' dir='ltr'><strong><em>τινὶ</em></strong></span> <span class='ocrx_word' id='word_1_246' title='bbox 314 2893 420 2980; x_wconf 74' lang='grc' dir='ltr'><strong><em>λέγειν</em></strong></span> <span class='ocrx_word' id='word_1_247' title='bbox 442 2925 485 2942; x_wconf 88' lang='grc'><strong>--</strong></span> <span class='ocrx_word' id='word_1_248' title='bbox 514 2889 646 2956; x_wconf 82' lang='lat' dir='ltr'><strong>Catonis</strong></span> <span class='ocrx_word' id='word_1_249' title='bbox 667 2896 783 2957; x_wconf 82' lang='lat' dir='ltr'><strong>iustum</strong></span> <span class='ocrx_word' id='word_1_250' title='bbox 804 2898 1021 2975; x_wconf 81' lang='lat' dir='ltr'><strong>severitatem,</strong></span> <span class='ocrx_word' id='word_1_251' title='bbox 1059 2895 1092 2958; x_wconf 90' lang='lat' dir='ltr'><strong>in</strong></span> <span class='ocrx_word' id='word_1_252' title='bbox 1115 2915 1177 2980; x_wconf 81' lang='lat' dir='ltr'><strong>qua</strong></span> <span class='ocrx_word' id='word_1_253' title='bbox 1196 2891 1377 2958; x_wconf 65' lang='grc' dir='ltr'><strong>πυθοίατο</strong></span> 
     </span>
     <span class='ocr_line' id='line_1_28' title="bbox 225 2990 1379 3080; baseline -0.003 -16"><span class='ocrx_word' id='word_1_254' title='bbox 225 3013 354 3064; x_wconf 76' lang='lat' dir='ltr'><strong>auctore</strong></span> <span class='ocrx_word' id='word_1_255' title='bbox 372 2995 416 3056; x_wconf 84' lang='lat' dir='ltr'><strong>uti</strong></span> <span class='ocrx_word' id='word_1_256' title='bbox 428 3011 491 3056; x_wconf 90' lang='lat' dir='ltr'><strong>nun</strong></span> <span class='ocrx_word' id='word_1_257' title='bbox 502 3004 636 3077; x_wconf 83' lang='lat' dir='ltr'><strong>poterat.</strong></span> <span class='ocrx_word' id='word_1_258' title='bbox 656 2993 753 3080; x_wconf 84' lang='lat' dir='ltr'><strong>Phoe.</strong></span> <span class='ocrx_word' id='word_1_259' title='bbox 769 3019 796 3059; x_wconf 89' lang='grc' dir='ltr'><strong>α.</strong></span> <span class='ocrx_word' id='word_1_260' title='bbox 808 2995 955 3061; x_wconf 86' lang='lat' dir='ltr'><strong>XXXV.</strong></span> <span class='ocrx_word' id='word_1_261' title='bbox 977 2995 1124 3062; x_wconf 64' lang='lat' dir='ltr'><strong>enadda</strong></span> <span class='ocrx_word' id='word_1_262' title='bbox 1141 2996 1208 3059; x_wconf 89' lang='grc' dir='ltr'><strong>τῶν</strong></span> <span class='ocrx_word' id='word_1_263' title='bbox 1223 2990 1379 3060; x_wconf 76' lang='grc' dir='ltr'><strong>ἐπιεικῶν</strong></span> 
     </span>
     <span class='ocr_line' id='line_1_29' title="bbox 225 3091 1380 3186; baseline -0.003 -22"><span class='ocrx_word' id='word_1_264' title='bbox 225 3091 511 3182; x_wconf 73' lang='grc' dir='ltr'><strong><em>τοςῦπεφῶνησαν.</em></strong></span> <span class='ocrx_word' id='word_1_265' title='bbox 531 3091 743 3180; x_wconf 78' lang='lat' dir='ltr'><strong>PlutAgesil.</strong></span> <span class='ocrx_word' id='word_1_266' title='bbox 753 3095 945 3162; x_wconf 82' lang='lat' dir='ltr'><strong>cXXXVl.</strong></span> <span class='ocrx_word' id='word_1_267' title='bbox 962 3100 1004 3186; x_wconf 81' lang='grc' dir='ltr'><strong>τῇ</strong></span> <span class='ocrx_word' id='word_1_268' title='bbox 1017 3091 1380 3184; x_wconf 81' lang='grc' dir='ltr'><strong><em>μέντοιστεφανωτρίὸι</em></strong></span> 
     </span>
     <span class='ocr_line' id='line_1_30' title="bbox 223 3187 1379 3288; baseline 0.001 -26"><span class='ocrx_word' id='word_1_269' title='bbox 223 3198 329 3286; x_wconf 69' lang='grc' dir='ltr'><strong><em>βίβλῳ</em></strong></span> <span class='ocrx_word' id='word_1_270' title='bbox 358 3191 458 3284; x_wconf 80' lang='grc' dir='ltr'><strong><em>φησίν</em></strong></span> <span class='ocrx_word' id='word_1_271' title='bbox 489 3187 589 3260; x_wconf 77' lang='grc' dir='ltr'><strong><em>αὐτὸν</em></strong></span> <span class='ocrx_word' id='word_1_272' title='bbox 620 3190 768 3282; x_wconf 73' lang='grc' dir='ltr'><strong><em>ἡσθέντα</em></strong></span> <span class='ocrx_word' id='word_1_273' title='bbox 800 3195 1075 3288; x_wconf 83' lang='grc' dir='ltr'><strong><em>Θεόφραστος</em></strong></span> <span class='ocrx_word' id='word_1_274' title='bbox 1104 3233 1147 3266; x_wconf 82' lang='grc'><strong>,-</strong></span> <span class='ocrx_word' id='word_1_275' title='bbox 1173 3192 1379 3283; x_wconf 72' lang='grc' dir='ltr'><strong><em>αἰτήσασθαι</em></strong></span> 
     </span>
     <span class='ocr_line' id='line_1_31' title="bbox 224 3297 1376 3388; baseline -0.005 -21"><span class='ocrx_word' id='word_1_276' title='bbox 224 3298 282 3367; x_wconf 79' lang='grc' dir='ltr'><strong>καί</strong></span> <span class='ocrx_word' id='word_1_277' title='bbox 306 3298 435 3388; x_wconf 78' lang='grc' dir='ltr'><strong><em>λαβεῖν’,</em></strong></span> <span class='ocrx_word' id='word_1_278' title='bbox 462 3298 569 3359; x_wconf 88' lang='lat' dir='ltr'><strong>nescio</strong></span> <span class='ocrx_word' id='word_1_279' title='bbox 594 3317 634 3360; x_wconf 83' lang='lat' dir='ltr'><strong>an</strong></span> <span class='ocrx_word' id='word_1_280' title='bbox 654 3297 854 3362; x_wconf 87' lang='lat' dir='ltr'><strong>scribendum</strong></span> <span class='ocrx_word' id='word_1_281' title='bbox 870 3303 911 3363; x_wconf 88' lang='lat' dir='ltr'><strong>sit</strong></span> <span class='ocrx_word' id='word_1_282' title='bbox 932 3299 1147 3382; x_wconf 81' lang='grc' dir='ltr'><strong><em>Θεόπομπος.</em></strong></span> <span class='ocrx_word' id='word_1_283' title='bbox 1191 3297 1376 3362; x_wconf 78' lang='lat' dir='ltr'><strong>Athenaeus</strong></span> 
     </span>
     <span class='ocr_line' id='line_1_32' title="bbox 224 3391 1377 3487; baseline -0.008 -18"><span class='ocrx_word' id='word_1_284' title='bbox 224 3413 308 3485; x_wconf 70' lang='lat' dir='ltr'><strong>certe</strong></span> <span class='ocrx_word' id='word_1_285' title='bbox 320 3396 397 3464; x_wconf 87' lang='lat' dir='ltr'><strong>XV.</strong></span> <span class='ocrx_word' id='word_1_286' title='bbox 411 3401 462 3460; x_wconf 82' lang='lat'><strong>18.</strong></span> <span class='ocrx_word' id='word_1_287' title='bbox 478 3419 511 3480; x_wconf 84' lang='lat' dir='ltr'><strong>p.</strong></span> <span class='ocrx_word' id='word_1_288' title='bbox 524 3399 595 3460; x_wconf 82' lang='grc'><strong>676.</strong></span> <span class='ocrx_word' id='word_1_289' title='bbox 613 3395 650 3461; x_wconf 79' lang='lat' dir='ltr'><strong>(l.</strong></span> <span class='ocrx_word' id='word_1_290' title='bbox 666 3396 803 3463; x_wconf 83' lang='lat' dir='ltr'><strong>Casaub.</strong></span> <span class='ocrx_word' id='word_1_291' title='bbox 823 3399 948 3485; x_wconf 76' lang='grc' dir='ltr'><strong><em>γελοῖοι</em></strong></span> <span class='ocrx_word' id='word_1_292' title='bbox 969 3391 1027 3466; x_wconf 75' lang='grc' dir='ltr'><strong>οὖν</strong></span> <span class='ocrx_word' id='word_1_293' title='bbox 1046 3397 1127 3480; x_wconf 78' lang='grc' dir='ltr'><strong><em>εἶσι,</em></strong></span> <span class='ocrx_word' id='word_1_294' title='bbox 1148 3402 1264 3487; x_wconf 89' lang='lat' dir='ltr'><strong>inquit,</strong></span> <span class='ocrx_word' id='word_1_295' title='bbox 1281 3403 1377 3464; x_wconf 75' lang='lat' dir='ltr'><strong>Nau.</strong></span> 
     </span>
    </p>
   </div>
   <div class='ocr_carea' id='block_1_9' title="bbox 99 3486 1377 3592">
    <p class='ocr_par' dir='ltr' id='par_1_10' title="bbox 99 3486 1377 3592">
     <span class='ocr_line' id='line_1_33' title="bbox 99 3486 1377 3592; baseline -0.005 -22"><span class='ocrx_word' id='word_1_296' title='bbox 99 3497 113 3590; x_wconf 11' lang='grc' dir='ltr'><strong><em>ἠ</em></strong></span> <span class='ocrx_word' id='word_1_297' title='bbox 225 3495 378 3592; x_wconf 84' lang='grc' dir='ltr'><strong><em>κρατίτην</em></strong></span> <span class='ocrx_word' id='word_1_298' title='bbox 396 3486 482 3562; x_wconf 83' lang='grc' dir='ltr'><strong><em>εἶναι</em></strong></span> <span class='ocrx_word' id='word_1_299' title='bbox 500 3493 664 3584; x_wconf 83' lang='grc' dir='ltr'><strong><em>στέφανον</em></strong></span> <span class='ocrx_word' id='word_1_300' title='bbox 684 3497 743 3566; x_wconf 83' lang='grc' dir='ltr'><strong>τὸν</strong></span> <span class='ocrx_word' id='word_1_301' title='bbox 759 3497 796 3566; x_wconf 79' lang='grc' dir='ltr'><strong>ἐκ</strong></span> <span class='ocrx_word' id='word_1_302' title='bbox 814 3501 872 3586; x_wconf 81' lang='grc' dir='ltr'><strong>τῆς</strong></span> <span class='ocrx_word' id='word_1_303' title='bbox 891 3498 1011 3585; x_wconf 83' lang='grc' dir='ltr'><strong><em>βίβλου</em></strong></span> <span class='ocrx_word' id='word_1_304' title='bbox 1032 3503 1097 3588; x_wconf 78' lang='grc' dir='ltr'><strong>τῆς</strong></span> <span class='ocrx_word' id='word_1_305' title='bbox 1114 3495 1377 3591; x_wconf 78' lang='grc' dir='ltr'><strong><em>στεφανωτρίδος</em></strong></span> 
     </span>
    </p>
   </div>
   <div class='ocr_carea' id='block_1_10' title="bbox 223 3591 1377 3992">
    <p class='ocr_par' dir='ltr' id='par_1_11' title="bbox 223 3591 1377 3992">
     <span class='ocr_line' id='line_1_34' title="bbox 225 3591 1377 3692; baseline -0.004 -22"><span class='ocrx_word' id='word_1_306' title='bbox 225 3595 428 3684; x_wconf 84' lang='grc' dir='ltr'><strong><em>καλουμένης</em></strong></span> <span class='ocrx_word' id='word_1_307' title='bbox 469 3591 555 3685; x_wconf 80' lang='grc' dir='ltr'><strong><em>παρ’</em></strong></span> <span class='ocrx_word' id='word_1_308' title='bbox 588 3593 798 3685; x_wconf 74' lang='grc' dir='ltr'><strong><em>Αἰγυπτίους</em></strong></span> <span class='ocrx_word' id='word_1_309' title='bbox 838 3601 1052 3692; x_wconf 72' lang='grc' dir='ltr'><strong><em>στερόμενον,</em></strong></span> <span class='ocrx_word' id='word_1_310' title='bbox 1113 3599 1377 3692; x_wconf 71' lang='grc' dir='ltr'><strong><em>παρατιθέμενοι</em></strong></span> 
     </span>
     <span class='ocr_line' id='line_1_35' title="bbox 226 3695 1374 3794; baseline -0.008 -23"><span class='ocrx_word' id='word_1_311' title='bbox 226 3695 485 3780; x_wconf 80' lang='grc' dir='ltr'><strong><em>Θεοπόμπου</em></strong></span> <span class='ocrx_word' id='word_1_312' title='bbox 507 3695 549 3764; x_wconf 76' lang='grc' dir='ltr'><strong>ἐκ</strong></span> <span class='ocrx_word' id='word_1_313' title='bbox 571 3701 639 3784; x_wconf 78' lang='grc' dir='ltr'><strong>τῆς</strong></span> <span class='ocrx_word' id='word_1_314' title='bbox 660 3695 808 3790; x_wconf 82' lang='grc' dir='ltr'><strong><em>τρίτης</em></strong></span> <span class='ocrx_word' id='word_1_315' title='bbox 827 3705 903 3770; x_wconf 89' lang='grc' dir='ltr'><strong>τῶν</strong></span> <span class='ocrx_word' id='word_1_316' title='bbox 921 3699 1181 3794; x_wconf 78' lang='grc' dir='ltr'><strong><em>Ἑλληνικῶν,</em></strong></span> <span class='ocrx_word' id='word_1_317' title='bbox 1207 3697 1245 3779; x_wconf 81' lang='grc' dir='ltr'><strong>ὅς</strong></span> <span class='ocrx_word' id='word_1_318' title='bbox 1264 3720 1374 3788; x_wconf 85' lang='grc' dir='ltr'><strong><em>φησιν,</em></strong></span> 
     </span>
     <span class='ocr_line' id='line_1_36' title="bbox 223 3797 1375 3890; baseline -0.005 -20"><span class='ocrx_word' id='word_1_319' title='bbox 223 3797 403 3888; x_wconf 76' lang='grc' dir='ltr'><strong><em>Ἀγεσιλάῳ</em></strong></span> <span class='ocrx_word' id='word_1_320' title='bbox 426 3831 469 3846; x_wconf 38' lang='grc' dir='ltr'><strong>-ν</strong></span> <span class='ocrx_word' id='word_1_321' title='bbox 487 3798 579 3887; x_wconf 79' lang='grc' dir='ltr'><strong><em>δῶρα</em></strong></span> <span class='ocrx_word' id='word_1_322' title='bbox 600 3797 737 3890; x_wconf 80' lang='grc' dir='ltr'><strong><em>πέμψαι</em></strong></span> <span class='ocrx_word' id='word_1_323' title='bbox 755 3801 834 3881; x_wconf 79' lang='grc' dir='ltr'><strong>τούς</strong></span> <span class='ocrx_word' id='word_1_324' title='bbox 856 3800 1066 3890; x_wconf 78' lang='grc' dir='ltr'><strong><em>Αἰγυπτίους</em></strong></span> <span class='ocrx_word' id='word_1_325' title='bbox 1086 3828 1131 3852; x_wconf 70' lang='grc'><strong>-’</strong></span> <span class='ocrx_word' id='word_1_326' title='bbox 1150 3800 1207 3870; x_wconf 87' lang='grc' dir='ltr'><strong>καί</strong></span> <span class='ocrx_word' id='word_1_327' title='bbox 1225 3800 1284 3889; x_wconf 73' lang='grc' dir='ltr'><strong>τὴν</strong></span> <span class='ocrx_word' id='word_1_328' title='bbox 1302 3818 1375 3864; x_wconf 86' lang='grc' dir='ltr'><strong><em>στε-</em></strong></span> 
     </span>
     <span class='ocr_line' id='line_1_37' title="bbox 225 3894 1130 3992; baseline 0.001 -23"><span class='ocrx_word' id='word_1_329' title='bbox 225 3894 422 3992; x_wconf 74' lang='grc' dir='ltr'><strong><em>φανωτρίδα</em></strong></span> <span class='ocrx_word' id='word_1_330' title='bbox 440 3894 567 3983; x_wconf 78' lang='grc' dir='ltr'><strong><em>βίβλον.</em></strong></span> <span class='ocrx_word' id='word_1_331' title='bbox 609 3900 676 3968; x_wconf 85' lang='lat' dir='ltr'><strong>Sed</strong></span> <span class='ocrx_word' id='word_1_332' title='bbox 691 3903 858 3970; x_wconf 81' lang='lat' dir='ltr'><strong>redeamus</strong></span> <span class='ocrx_word' id='word_1_333' title='bbox 871 3907 912 3971; x_wconf 81' lang='lat' dir='ltr'><strong>ad</strong></span> <span class='ocrx_word' id='word_1_334' title='bbox 928 3906 1130 3972; x_wconf 82' lang='lat' dir='ltr'><strong>Phocionem.</strong></span> 
     </span>
    </p>
   </div>
   <div class='ocr_carea' id='block_1_11' title="bbox 223 4095 1379 4304">
    <p class='ocr_par' dir='ltr' id='par_1_12' title="bbox 223 4095 1379 4304">
     <span class='ocr_line' id='line_1_38' title="bbox 308 4095 1377 4200; baseline 0.001 -30"><span class='ocrx_word' id='word_1_335' title='bbox 308 4103 357 4170; x_wconf 92' lang='lat' dir='ltr'><strong>lb.</strong></span> <span class='ocrx_word' id='word_1_336' title='bbox 370 4123 439 4188; x_wconf 81' lang='lat' dir='ltr'><strong>cup.</strong></span> <span class='ocrx_word' id='word_1_337' title='bbox 452 4099 498 4168; x_wconf 81' lang='lat' dir='ltr'><strong>X.</strong></span> <span class='ocrx_word' id='word_1_338' title='bbox 514 4095 792 4192; x_wconf 74' lang='grc' dir='ltr'><strong><em>Ἀριστογείτονος</em></strong></span> <span class='ocrx_word' id='word_1_339' title='bbox 811 4110 872 4176; x_wconf 82' lang='grc' dir='ltr'><strong>τοῦ</strong></span> <span class='ocrx_word' id='word_1_340' title='bbox 892 4108 1099 4200; x_wconf 80' lang='grc' dir='ltr'><strong><em>συκοφάντου</em></strong></span> <span class='ocrx_word' id='word_1_341' title='bbox 1117 4105 1299 4190; x_wconf 80' lang='grc' dir='ltr'><strong><em>πολεμαοῦ</em></strong></span> <span class='ocrx_word' id='word_1_342' title='bbox 1315 4102 1377 4186; x_wconf 77' lang='grc' dir='ltr'><strong>μὲν</strong></span> 
     </span>
     <span class='ocr_line' id='line_1_39' title="bbox 223 4197 1379 4304; baseline 0.003 -21"><span class='ocrx_word' id='word_1_343' title='bbox 223 4197 323 4284; x_wconf 61' lang='grc' dir='ltr'><strong><em>ὄντος</em></strong></span> <span class='ocrx_word' id='word_1_344' title='bbox 342 4203 470 4281; x_wconf 67' lang='lat' dir='ltr'><strong>tutan</strong></span> <span class='ocrx_word' id='word_1_345' title='bbox 496 4199 685 4296; x_wconf 65' lang='grc' dir='ltr'><strong><em>ἐκκλησίαις</em></strong></span> <span class='ocrx_word' id='word_1_346' title='bbox 710 4207 772 4280; x_wconf 73' lang='grc' dir='ltr'><strong><em>καί·</em></strong></span> <span class='ocrx_word' id='word_1_347' title='bbox 793 4209 1038 4304; x_wconf 78' lang='grc' dir='ltr'><strong><em>παροξύνοντος</em></strong></span> <span class='ocrx_word' id='word_1_348' title='bbox 1063 4210 1122 4283; x_wconf 71' lang='grc' dir='ltr'><strong>ἐπὶ</strong></span> <span class='ocrx_word' id='word_1_349' title='bbox 1150 4205 1211 4290; x_wconf 63' lang='grc' dir='ltr'><strong>τὰς</strong></span> <span class='ocrx_word' id='word_1_350' title='bbox 1239 4200 1379 4297; x_wconf 61' lang='grc' dir='ltr'><strong><em>πράξεις</em></strong></span> 
     </span>
    </p>
   </div>
   <div class='ocr_carea' id='block_1_12' title="bbox 0 0 1526 4986">
    <p class='ocr_par' dir='ltr' id='par_1_13' title="bbox 0 0 1526 4986">
     <span class='ocr_line' id='line_1_40' title="bbox 0 0 1526 4986; baseline 0 0"><span class='ocrx_word' id='word_1_351' title='bbox 0 0 1526 4986; x_wconf 95' lang='lat' dir='ltr'><strong> </strong></span> 
     </span>
    </p>
   </div>
  </div>
 </body>
</html>
