3044 4986
565 233 624 252 -
681 187 735 271 aa
790 228 850 250 -
958 224 960 229 ·
1013 258 1017 266 ι
1310 289 1318 318 Ι

126 368 185 434 cdv
210 366 331 453 δῆμον,
361 361 398 434 dv
424 365 463 433 dd
490 368 537 452 τῷ
564 293 755 452 καταλόγῳ·
765 364 1014 454 προσελθόντος
1039 361 1098 433 ἐπὶ
1124 275 1289 453 βακτηρία
1368 387 1372 396 ·

126 467 189 534 aa)
201 467 300 555 σκέλη
328 467 500 550 καταδεδιι
501 465 608 547 ιι,έοιι
636 465 818 555 πόρρωθεν
847 461 993 531 idaia-
1007 459 1191 556 ἀνέκραγε.
1233 464 1289 528 Sic

132 569 235 634 Corae
252 569 331 632 duce
347 571 472 653 scripsit
488 568 677 647 Schaelerus
699 567 890 651 (eademque
909 571 1086 632 coniectura
1104 567 1188 652 apud
1201 564 1290 629 Auo·

129 691 258 754 nymum
278 681 343 750 est,
370 671 424 754 qui
445 669 542 734 hehet
565 668 613 735 cd
642 667 768 756 σκέλη
797 665 1144 750 καταδεδεμένου)
1171 688 1229 754 pro
1250 687 1291 730 ea

129 757 224 858 quam
252 768 411 856 vulgatam
439 774 625 858 scripturam
654 771 729 835 dicit
764 766 1029 850 καταδεδεμένω,
1070 791 1152 855 quae
1183 783 1291 832 mmen

128 871 254 938 Reiskii
274 873 455 936 coniectura
473 885 537 950 est3
576 885 649 937 ante
672 893 745 936 eum
766 871 851 934 euim
872 871 907 933 iu
932 869 1123 934 editionibus
1149 884 1217 935 erat
1243 869 1292 957 τῷ

129 972 239 1041 σκέλει
258 967 505 1060 καιαδεδεμέιῳ
527 1011 585 1054 -,
613 973 695 1038 lunt.
713 969 824 1035 hahet:
846 967 892 1035 coi
914 969 1013 1059 σκέλη
1033 968 1293 1056 καταδεδιμένῳ.

118 1074 226 1144 Levis
253 1095 330 1138 saue
352 1094 404 1136 rea
427 1085 491 1155 est,
522 1076 580 1139 sed
600 1087 688 1139 tanto
708 1075 810 1157 magis
830 1074 963 1152 mirum,
981 1073 1014 1134 in
1032 1093 1072 1136 ea
1088 1071 1219 1135 haerere
1234 1092 1294 1157 po·

129 1179 228 1238 tuisse
249 1177 456 1258 interpretes,
493 1198 589 1263 quum
607 1175 698 1240 nulla
722 1193 852 1260 prorsus
876 1175 918 1238 sit
943 1193 1054 1252 causa,
1089 1193 1145 1237 cur
1165 1171 1296 1258 vulgata

129 1281 299 1361 scripture,
332 1296 413 1360 quae
436 1279 532 1340 etiam
550 1281 584 1340 iu
611 1276 713 1341 Palat
734 1277 804 1342 cod.
830 1287 897 1355 est,
933 1275 1113 1355 reficiatur,
1139 1286 1175 1337 ut
1196 1273 1293 1362 homo

129 1381 227 1443 miser
245 1390 377 1464 unoque
398 1379 482 1462 pede
495 1371 625 1442 claudus
644 1377 720 1459 fiat,
747 1399 843 1464 quum
858 1388 945 1440 recte
960 1376 1097 1440 dicatur:
1125 1396 1221 1462 quum
1234 1373 1293 1440 ille

131 1480 325 1558 accederet„
349 1477 458 1542 fasciis
478 1478 618 1564 obligato
640 1501 740 1544 crure.
790 1477 842 1542 De
864 1476 990 1542 articuli
1012 1479 1152 1542 enimin
1176 1476 1294 1542 talibus

129 1603 190 1644 usu
211 1579 374 1665 explicare
394 1581 538 1666 putidum
560 1592 656 1644 asset.
697 1579 738 1644 Et
761 1579 959 1646 mirorhauc
975 1579 1072 1644 dativi
1088 1581 1294 1644 mutationem

130 1687 164 1748 in
178 1679 370 1760 Schaelero‚
390 1683 444 1767 qui
460 1680 532 1745 aliis
547 1678 627 1744 locis
639 1684 875 1766 participiorum
895 1682 1009 1745 dativis
1027 1683 1074 1744 ita
1095 1678 1212 1743 abusus
1234 1691 1295 1760 est,

129 1796 165 1846 ιιι
179 1781 325 1846 absolute
341 1783 461 1865 positos
475 1794 615 1866 putaret,
638 1783 723 1872 quod
739 1805 821 1868 nego
837 1781 909 1846 fieri
922 1781 1006 1866 apud
1021 1779 1172 1846 Graecos.
1195 1778 1293 1855 Quod

131 1897 238 1948 autem
257 1883 400 1963 luerunt,
423 1885 478 1970 qui
497 1881 700 1947 Plutarchum
723 1887 853 1970 eiusque
878 1881 999 1946 similes
1020 1866 1040 1945 a
1059 1879 1181 1944 Latinis
1196 1880 1294 1946 hosce

133 1986 257 2050 dativus
280 1984 392 2048 doctos
410 2006 483 2049 esse
506 1987 724 2070 opinarentur,
746 1987 781 2050 id
798 2006 874 2050 vero
891 1984 1031 2047 maxima
1048 1985 1162 2048 mirum
1177 1995 1240 2062 est,
1262 1995 1295 2048 et

130 2084 229 2151 verbe
245 2086 355 2150 reiecit
370 2083 498 2150 Schael.
514 2083 608 2150 Tum.
625 2084 667 2150 v;
681 2110 713 2172 p.
725 2093 798 2151 234.
831 2083 944 2172 Neque
959 2087 1044 2150 enim
1057 2088 1103 2149 ita
1115 2082 1207 2147 abusi
1221 2093 1294 2148 suut

129 2187 249 2252 latinae
272 2174 400 2271 liuguae
422 2189 613 2272 cognitione.
663 2185 822 2273 Cogitavit
845 2199 951 2250 autem
971 2186 1012 2249 de
1037 2185 1095 2250 illo
1118 2185 1296 2249 dativorum

58 2333 60 2340 ·
130 2311 192 2352 usu
207 2287 334 2360 Schaei.
353 2285 447 2350 Caes.
462 2286 584 2352 anm.
613 2285 865 2373 πονουμένῳ
894 2279 928 2352 d'
945 2276 1054 2370 αὐτῷ
1078 2278 1292 2371 (Σκηπίωνι)

132 2384 330 2510 capicerius
351 2387 485 2473 Καῖσαρ
503 2381 644 2462 ὑλώδεις
664 2385 790 2462 ιόιιοος
808 2384 865 2450 καὶ
885 2381 1080 2473 προσβολὰς
1095 2417 1135 2432 -
1150 2379 1296 2448 διελθών

131 2486 211 2566 τοὺς
237 2510 299 2572 μιν
326 2481 520 2565 ἐκυκλοῦτο,
547 2488 618 2564 τοῖς
644 2481 683 2553 δὲ
709 2481 919 2574 προσέβαλλε
938 2480 1023 2548 κατὰ
1044 2481 1161 2567 στόμα.
1203 2481 1295 2548 Haec

133 2593 219 2655 euim
241 2595 292 2652 ἰιι
312 2585 465 2651 librorum
487 2589 662 2672 scriptura,
697 2608 792 2683 quam
822 2598 940 2650 temere
966 2583 1075 2650 Reislr.
1104 2587 1236 2650 mutavit
1260 2586 1295 2648 in

133 2677 461 2774 ποιουμένουδ
478 2679 620 2768 αὐτοῦ,
643 2685 1294 2774 idqueiustocitiusrecepitSchaeierus,
1396 2717 1398 2723 ·

109 2779 112 2792 ¹
134 2812 323 2878 quamquam
345 2791 380 2852 in
401 2787 634 2853 commentariis
656 2789 698 2854 ad
715 2811 825 2854 veram
847 2791 1033 2874 scripturam
1055 2790 1164 2868 rediit,
1185 2791 1231 2852 ita
1247 2801 1295 2852 ta-

134 2915 208 2958 men
218 2905 258 2955 ut
272 2893 311 2955 de
330 2889 394 2954 dat.
409 2888 511 2953 absol.
528 2893 690 2974 cogitaret.
727 2883 845 2954 Iniuria
857 2891 891 2953 id
906 2891 1042 2976 quidem.
1075 2888 1195 2974 Aperte
1214 2891 1299 2954 enim

132 2995 161 3058 is
176 3006 225 3058 est
237 2993 381 3072 dativus,
404 2992 457 3077 qui
470 2992 630 3055 commodi
646 2990 698 3056 vel
716 2993 909 3056 incommodi
922 2994 1043 3054 notioni
1056 2993 1207 3054 inservire
1220 2991 1299 3055 dici·

1 3106 8 3121 “
133 3107 195 3159 tur.
234 3091 424 3158 Plutarchus
445 3093 530 3155 enim
555 3091 616 3156 hoc
641 3093 732 3156 dicit:
762 3091 920 3177 Scipioni,
943 3113 1037 3178 quum
1051 3091 1109 3155 illo
1126 3095 1159 3155 in
1177 3091 1250 3155 loco
1263 3093 1298 3156 id

136 3207 244 3280 ageret
260 3233 299 3244 -—
315 3193 400 3280 quod
420 3204 515 3256 antea
536 3196 707 3279 exponitur
727 3233 766 3243 —
787 3191 968 3258 incredibili
987 3193 1148 3258 celeritate
1170 3192 1299 3258 silvosis

135 3295 215 3360 locis
235 3296 410 3382 superatis,
439 3291 521 3358 alias
545 3297 705 3359 exercitus
729 3307 835 3380 partes
863 3294 990 3359 inclusit
1012 3308 1045 3359 et
1067 3296 1298 3376 circumcinxit,

21 3393 23 3398 ’
137 3393 218 3460 alias
241 3412 299 3462 etc.
343 3395 531 3459 Simillimus
549 3409 598 3461 est
618 3396 708 3461 locus
730 3395 926 3480 Thucydidis
940 3394 1028 3459 Vlll.
1041 3403 1100 3477 24,
1123 3418 1215 3483 quem
1229 3417 1298 3460 cer-

139 3497 230 3558 tatim
243 3497 378 3561 offerrunt
388 3488 611 3584 grammatici,
622 3501 739 3562 rectius
753 3512 858 3563 autam
874 3518 968 3584 quam
984 3494 1139 3562 Matthiae
1156 3496 1299 3584 explicet

136 3595 226 3662 llost.
243 3618 275 3681 p.
266 3602 366 3678 .,673
383 3600 444 3662 etsi
459 3599 500 3663 de
490 3601 668 3720 'temporis
681 3601 811 3663 nodone
827 3620 892 3664 uon
905 3601 1126 3684 cogitaverim.
1148 3594 1300 3688 ιλρηομέ·

136 3719 209 3774 νοις
237 3687 296 3763 οὖν
325 3692 437 3778 adacio
464 3699 524 3787 τῆς
552 3697 729 3790 θαλάσσης
759 3723 817 3765 και
844 3695 928 3764 κατὰ
957 3702 1017 3786 γῆν
1050 3698 1300 3805 πορθουμένοις

136 3792 345 3886 &matcaudo
364 3821 448 3879 τινες
471 3799 559 3892 πρὸς
576 3796 719 3891 Ἀθηιαί
720 3825 791 3879 ους
799 3825 859 3888 ιην
878 3794 1020 3866 πόλιι’
998 3807 1140 3889 αηαηιῖι.
1166 3799 1223 3864 Et
1244 3821 1299 3864 eo-

137 3899 211 3964 dem
224 3900 320 3964 modo
338 3901 548 3986 explicandus
566 3918 651 3970 esset
664 3903 686 3968 l.
701 3843 837 3968 Romul.l
844 3925 871 3966 e.
886 3899 1014 3984 XXIV.
1043 3899 1122 3992 πρὶν
1142 3902 1181 3970 δὲ
1201 3900 1302 3990 λῆξαι
1359 3898 1363 3905 ’

137 3998 196 4068 τὸν
216 3996 335 4084 λοιμὸν
355 3998 516 4071 tutem
545 4002 714 4094 chdptoc
737 3999 912 4088 Ῥωμαίοις
933 4000 991 4069 καὶ
1010 4005 1217 4095 κατέδραμον
1240 3999 1301 4090 τήν

136 4101 248 4190 χώραν
275 4096 328 4182 ὥς
354 4095 585 4184 ἀδυνάτοις
612 4100 809 4189 ἀμύνασθαι
835 4101 892 4170 dcci
913 4101 951 4170 ud
972 4103 1104 4192 πάθος,
1132 4110 1160 4174 si
1180 4103 1301 4170 Sohae-

140 4201 244 4270 ferutn
263 4225 478 4294 sequeremur
488 4206 571 4274 hane
584 4208 676 4276 codd.
685 4206 789 4274 Aaou·
803 4207 973 4276 lectionem
987 4210 1218 4298 praeferentem
1230 4204 1301 4272 vul·

1058 4377 1066 4414 l
