3030 5002
619 207 680 222 --
731 159 818 242 234
861 201 938 226 ι·-

189 338 338 425 induunt.
362 337 421 404 IV.
440 343 512 404 361.
533 327 628 427 ἱίχρις
648 334 785 406 ἱκέσθαι
805 331 932 405 ὀστέου.
952 333 1041 399 VIII.
1065 335 1139 400 464.
1156 325 1214 398 aul
1233 327 1268 408 δς
1285 329 1361 396 nc.

192 437 273 533 ροντ’
296 434 391 531 ἷὶχρις
409 438 554 512 ἱκέσ3αι.
576 439 620 502 X.
636 445 709 520 273,
726 453 819 526 quem
840 440 947 504 locunt
969 437 1064 500 ruodo
1087 436 1251 519 adscripsi,
1272 433 1364 496 xm:

193 549 244 610 97.
267 535 361 631 δὶχρις
382 538 518 611 ἱκέσ3οιι
546 535 684 608 αἰδοίων
708 538 907 630 ε’φύπερ3ε.
938 538 1019 603 Cum
1039 539 1239 601 coniunctivo
1262 535 1358 597 inue-

193 652 280 708 nitur
302 642 416 731 μέχρις
437 640 462 704 I.
485 646 556 705 700.
581 632 675 729 ἄχρις
700 641 757 714 IV.
779 648 829 706 92.
851 640 942 705 XIII.
961 645 1040 719 341,
1083 659 1153 702 cum
1178 637 1355 701 indicativo
1461 697 1463 702 .

194 736 290 833 ι’ἱχρις
323 742 362 807 Il.
377 747 444 807 .528
467 763 514 826 sq.
549 764 620 804 curn
650 745 792 828 optativa
819 741 908 807 VIII.
933 747 1005 805 383.
1034 737 1167 804 *Moneo
1196 737 1256 800 hoc
1277 758 1356 822 pru-

193 845 323 933 ptcrca‚
353 845 425 930 quia
446 841 621 906 infinitivus
636 843 701 909 dus
728 843 893 932 particulis
920 845 1047 911 iunctus
1074 863 1137 907 uuo
1167 837 1221 906 vel
1249 836 1357 906 altero

114 941 115 952 ¹
196 947 269 1012 l'o'co
290 947 420 1012 I’uuwr‘o
444 943 613 1030 displicuit.
660 991 664 999 .
1368 934 1373 948 “

293 1082 337 1151 V.
355 1089 439 1152 383.
464 1075 509 1162 tic
523 1086 584 1152 τοῦ
595 1082 746 1172 ὑπίχνιον
759 1086 849 1160 ἕλκος
862 1083 975 1168 ἀέξετο
985 1085 1191 1168 πυθομένοιο

450 1181 502 1254 ιὀῦ
517 1181 584 1254 ἀπὸ
599 1193 788 1280 στυφελοῖο,
815 1186 889 1260 τόν
910 1194 949 1257 οἱ
972 1182 1178 1276 ὲνομόρξατ’
1196 1175 1333 1250 ὀδοῦσιν

450 1285 603 1378 λυγρδς”
583 1315 670 1382 apoc.

196 1401 253 1467 Sic
275 1401 376 1465 edidit
400 1401 604 1494 Tpcdscuiu23
625 1409 711 1466 recte
730 1425 749 1466 e
767 1404 836 1467 cdd.
859 1397 1067 1467 ernendat’u
993 1409 1115 1466 tacu
1116 1396 1273 1486 μόρξατο,
1294 1414 1357 1480 pro

198 1525 260 1590 quo
297 1506 329 1565 in
359 1500 435 1564 Ald.
463 1496 680 1586 legebatur’
659 1525 741 1568 αττο
742 1501 838 1594 μόρξ.
890 1506 956 1569 sed
995 1503 1081 1568 aliud
1109 1502 1203 1592 idque
1227 1500 1356 1582 gravius

197 1603 347 1668 ruendum
368 1624 431 1667 non
454 1602 615 1669 abstersit.
656 1603 856 1668 Hermaeum
879 1606 919 1670 ad
935 1603 1035 1691 Orph
1048 1628 1079 1690 p.
1095 1609 1165 1666 784.
1187 1600 1264 1665 oliui
1280 1619 1356 1660 con·
1366 1671 1369 1678 Δ

184 1709 277 1770 viecit
296 1706 521 1795 στυγεροῦ,
544 1701 602 1772 τόν
616 1702 656 1772 οἱ
675 1716 747 1787 ο1ο.,
768 1708 851 1793 quod
869 1707 1034 1792 epitheton
1056 1727 1133 1769 sana
1146 1701 1261 1766 melius
1282 1721 1358 1762 con·

198 1809 288 1871 venit
307 1827 442 1887 venenu,
465 1831 558 1892 quarn
575 1807 763 1897 στυφελσῖο,
786 1831 879 1895 quam
893 1832 1002 1875 vocem
1019 1807 1258 1872 Rdodomuoous
1273 1800 1358 1863 haud

199 1915 345 1972 accurate
366 1910 561 1992 „rigidum“
581 1913 689 1977 vertit.
731 1909 813 1974 Mihi
833 1910 957 1975 facilior
985 1915 1082 1975 etiarn
1104 1909 1229 1971 videtur
1250 1918 1359 1966 eruen-

200 2009 298 2072 daudi
320 2011 389 2090 via,
411 2013 439 2072 si
459 2007 633 2076 scribatur:
659 2007 714 2076 ἱοῦ
739 2003 825 2089 dinc,
849 2009 1045 2098 στυφελοῖς
1065 2008 1123 2075 τόν
1140 2005 1172 2073 οἱ
1200 2013 1260 2069 etc.
1305 2002 1356 2066 Cf.

202 2109 340 2195 Oppian.
356 2108 476 2192 Cyneg.
497 2109 553 2173 III.
573 2118 645 2175 443.
666 2113 705 2176 de
724 2113 844 2197 aspide,
867 2134 970 2195 angue
982 2113 1258 2174 venenosissumo:
1281 2126 1358 2172 στο-

199 2204 370 2298 φελόν3’
372 2205 555 2331 υφέσρρεν
576 2203 707 2279 ὀδόντα.
727 2208 822 2276 Pro
810 2214 865 2277 ισῦ
886 2203 956 2278 dinc
976 2214 1113 2276 fortasse
1132 2210 1245 2296 aliquis
1260 2205 1358 2271 scribi

200 2307 332 2377 nralit
319 2313 388 2377 ιοῦ
413 2306 529 2390 ὕπο,
537 2306 848 2393 στ.αιι1ιου,ὖπδ
871 2334 920 2383 στ.
963 2314 1031 2380 Sed
1058 2313 1144 2378 illud
1163 2319 1254 2416 recte
1281 2307 1369 2374 mihi.

201 2413 321 2500 puluere
337 2415 470 2478 videtur.

287 2523 332 2588 V.
351 2529 436 2588 392.
509 2506 655 2611 φαρέτρη
673 2529 755 2609 παρέ
757 2518 841 2591 κειτό
857 2549 900 2611 ys
921 2517 1042 2612 μακρή.
1131 2517 1132 2520 “

201 2631 396 2706 Particulanr
423 2653 460 2718 γε
487 2642 574 2696 recte
597 2635 629 2695 in
657 2635 871 2717 suspicionem
897 2640 1025 2701 vocavit
1045 2633 1211 2697 Buaitzc'us
1232 2631 1254 2695 l.
1279 2655 1305 2695 c.
1326 2653 1360 2716 p.

204 2739 296 2798 1232.
339 2732 405 2796 Sed
426 2755 467 2797 an
480 2743 568 2798 recte
589 2734 752 2816 scripserit
781 2735 891 2825 μακρή
913 2733 1090 2824 παρέκειτο
1112 2733 1281 2823 φαρέτρη,
1304 2733 1361 2796 du·

143 2857 144 2862 ’
202 2833 300 2902 bituri
337 2838 467 2916 poterit.
509 2831 696 2926 Elegantius
724 2845 810 2900 certe
838 2846 872 2902 et
898 2836 1002 2902 lenius
1033 2857 1168 2923 reponas
1211 2831 1361 2923 φαρέτρη

205 2933 477 3023 παρεκέκλιτο
507 2931 637 3021 μακρή,
671 2937 722 2998 cui
753 2939 969 3004 emendationi
999 2961 1040 3003 ne
1073 2940 1199 3003 doctam
1232 2935 1362 3022 quidem

203 3033 369 3201 Splu'tzucrs'
395 3034 435 3119 (l.
458 3057 485 3098 c.
513 3057 544 3121 p.
568 3039 677 3122 1175.)
717 3042 933 3107 coniecturam
959 3039 1243 3128 πορακὲσκετο
1271 3056 1363 3123 prae-

203 3145 219 3202 t
254 3140 342 3203 eriru.

288 3246 331 3315 V·
347 3253 419 3337 442
438 3269 485 3334 sq.
510 3243 597 3334 cippi
612 3246 650 3315 δέ
662 3251 694 3315 οἱ
708 3253 854 3340 δελφῖνες
869 3247 997 3328 ἀολλέες
1013 3241 1196 3325 ἐσσεύοντο,

510 3351 624 3437 κῦμα
645 3353 924 3439 διαπρήσσοντα,
940 3345 1020 3430 dide
1041 3353 1171 3417 πολιοῖο
1185 3349 1338 3417 κέλευθα.

205 3458 314 3525 Vertit
344 3460 602 3527 Rhodumuuaus:
635 3465 779 3544 „undam
808 3473 972 3545 secantes,
1001 3466 1054 3549 (in
1078 3483 1141 3546 qua
1164 3462 1262 3547 sunt)
1294 3464 1376 3526 cani¹

206 3565 303 3625 maris
333 3565 441 3625 viae.“
485 3560 581 3638 Quod
602 3574 690 3629 reete
718 3570 910 3652 vituperavit
930 3567 1087 3630 Ρσαιοῖυι.
1129 3561 1214 3628 Nam
1236 3567 1265 3628 si
1284 3562 1362 3627 hacc

206 3665 253 3725 ita
275 3665 403 3747 scripsit
420 3671 535 3747 poeta,
564 3659 646 3743 ιὶλδς
674 3665 808 3733 πολιοῖο
829 3666 982 3752 strenua}
1003 3670 1163 3754 appositio
1196 3673 1247 3730 cst
1275 3662 1360 3728 verbi

207 3766 322 3846 κῦμα.
364 3762 402 3827 Id
422 3767 526 3850 ipsum
551 3774 659 3832 autern
679 3766 811 3831 mirifice
832 3755 975 3852 languetl
1013 3765 1098 3832 Nam
1120 3791 1191 3832 cum
1211 3768 1288 3831 satis
1309 3781 1359 3823 es-

208 3873 260 3928 sct
290 3865 402 3947 κῦμα
430 3864 711 3955 διαπρήσσοντες,
757 3891 820 3932 non
850 3870 994 3933 videmus
1030 3893 1085 3934 cur
1113 3872 1263 3935 addatur*
1279 3856 1360 3937 οἱλὸς

209 3963 345 4030 πολιοῖο
374 3963 536 4046 κέλευθα,
568 3969 680 4053 quibus
707 3969 813 4033 verbis
833 3968 913 4032 nihil
933 3971 1008 4033 novi
1033 3975 1218 4036 continetur.
1260 3962 1363 4027 Acce-

210 4066 258 4130 dit
284 4066 370 4151 quod
390 4066 532 4130 undae
523 4091 612 4152 ipsae
633 4092 674 4134 na
695 4079 782 4134 recte
815 4072 941 4156 quidem
961 4075 1008 4136 ita
1028 4071 1180 4160 appellari
1199 4087 1294 4162 posse
1317 4063 1365 4126 vi·
1486 4131 1488 4154 .

209 4168 341 4247 dantur,
372 4187 446 4232 cum
468 4170 539 4232 viae
567 4175 707 4236 marinae
734 4193 794 4256 per
820 4174 921 4237 νιοδπι
946 4176 1091 4260 quideur
1102 4181 1196 4254 atque
1217 4173 1252 4230 iu
1271 4164 1362 4229 uudt'u

209 4250 462 4359 perficiantur,
459 4289 524 4350 uon
548 4277 656 4338 ardea
677 4269 891 4361 andacrpsae
911 4278 1086 4392 sintriae
1094 4273 1244 4338 marnac.
1286 4265 1363 4334 lude
