3026 4992
599 201 963 322 '-164-;-

223 398 385 487 praebuit,
402 396 512 482 ltaque
532 415 596 458 non
609 417 740 478 possum
757 398 832 482 quin
845 395 906 462 hac
924 394 1033 460 oblata
1053 397 1220 460 occasione
1234 392 1285 458 his
1300 393 1379 456 dno-

223 519 283 584 bus
305 520 380 582 viris
402 517 639 607 in'merr'roriam
659 535 710 578 me
723 535 886 594 revocem,
908 523 1005 601 etque
1019 516 1312 614 nnn‘immemorem
1325 534 1377 576 mo

224 661 295 703 esse
318 636 475 712 eximiae,
503 653 596 717 quam
622 630 662 718 ab
682 635 722 696 iis
746 640 899 716 expertus
918 626 995 714 sim,
1016 631 1233 718 ‘benignitatis
1261 633 1376 716 gratis-

224 778 314 822 sumo
336 757 441 818 anime
462 754 503 816 iis
524 748 684 835 profitear.

305 898 432 964 Interea
459 916 530 961 cnm
558 895 597 957 de
623 891 851 976 'l'ychseniauis
886 897 986 980 copiis
1013 897 1177 960 sciscitans
1206 915 1262 958 eas
1294 891 1378 979 apud

222 1017 425 1088 Francireum
444 1014 659 1100 spelaeorum,
680 1017 781 1077 virum
803 1012 1065 1092 celeberrumum‚
1088 1015 1244 1078 asservari
1263 1014 1380 1076 certior

225 1157 329 1202 essem
349 1137 467 1213 factus,
488 1131 614 1196 litteras
632 1132 672 1196 ad
695 1155 768 1196 enm
781 1133 871 1210 dedi,
890 1130 1002 1217 quibus
1022 1137 1055 1194 et
1071 1132 1235 1196 consilium
1252 1153 1322 1194 cum
1338 1151 1378 1192 eo

224 1256 506 1332 communicarem,
537 1259 570 1316 et
598 1250 712 1363 quibus
737 1253 873 1315 fortasse
893 1229 1126 1314 conditionibus
1149 1251 1183 1313 id
1204 1247 1380 1314 subsidium

226 1373 402 1458 coroparari
425 1379 537 1456 posset
565 1393 799 1456 cognoscerem.
842 1369 875 1434 ls
894 1391 970 1434 vero
991 1370 1031 1432 ad
1054 1367 1179 1432 litteras
1201 1389 1290 1432 meas
1313 1375 1379 1428 nort
1413 1351 1418 1368 ¹
1474 1391 1476 1394 ·

223 1492 328 1558 solum
341 1494 523 1575 respondit,
546 1493 603 1556 sed
623 1493 719 1554 etiam
737 1487 832 1566 mibi,
858 1509 951 1573 quern
967 1509 1008 1552 ne
1020 1486 1259 1570 fando-quidem
1276 1483 1381 1558 adbuc
1440 1532 1444 1536 .

224 1610 405 1688 audiverat,
431 1616 498 1673 tam
515 1625 639 1674 comem
650 1613 855 1693 paratamque
869 1608 911 1670 ad
928 1629 981 1670 me
1006 1607 1215 1672 adiuvandum
1237 1593 1380 1666 ostendit

181 1797 183 1802 ,
223 1717 552 1812 bebignitatem,nt,si
567 1725 877 1791 benevolentissumo
889 1729 956 1790 eins
967 1727 1073 1790 studio
1087 1725 1121 1788 id
1135 1722 1219 1809 quod
1233 1719 1382 1788 volebam

221 1845 333 1933 perfici
348 1847 524 1931 potuisset,
538 1867 610 1918 ¹non
625 1845 768 1910 dubitem
786 1849 860 1931 quin
876 1813 929 1910 res
945 1867 1037 1909 meae
1054 1851 1201 1907 eventum
1212 1839 1380 1904 habiturae

220 1965 361 2030 ¹fuissent
374 1967 672 2049 exoptatissumum.
715 1963 837 2044 ltaque,
848 1966 883 2028 id
897 1965 980 2050 quod
997 1963 1080 2048 apud
1090 1969 1294 2047 praesentem·
1306 1982 1381 2022 con·

220 2102 338 2168 gressu
356 2090 390 2146 et
413 2103 559 2148 sermone
580 2083 720 2148 nondum
740 2083 844 2158 faeere
860 2082 939 2147 mibi
958 2081 1066 2160 licuit,
1084 2102 1141 2164 pro
1158 2101 1197 2144 ea
1210 2083 1243 2144 iu
1255 2101 1306 2145 me
1323 2077 1381 2142 lur-

225 2205 380 2268 menitate
403 2203 523 2288 gratias
548 2200 598 2266 illi
611 2203 680 2265 viro
699 2221 760 2286 agn
782 2208 816 2288 ct
838 2200 1060 2286 amplissumas
1084 2207 1118 2262 et
1138 2220 1214 2262 uero
1235 2201 1381 2265 sinceris·
1454 2279 1459 2288 ¹

224 2343 343 2389 sumas.
384 2318 485 2400 Mox,
502 2341 573 2384 cum
589 2322 755 2406 preposito
773 2342 846 2383 meo
866 2319 1069 2384 difficultates
1092 2319 1221 2385 obstare
1237 2320 1382 2382 uideren-

226 2449 279 2506 tur
294 2443 352 2505 vix
366 2439 598 2519 removendae,
621 2461 698 2523 ego,
721 2438 912 2516 etiamaliis
934 2439 1084 2504 in'rebus
1106 2441 1252 2505 fortunae
1269 2439 1385 2524 iniqui·

225 2565 327 2622 tatem
348 2527 520 2640 expertae,
541 2559 605 2630 iam
627 2557 667 2618 de
689 2579 839 2620 successu
861 2559 1030 2641 desperare
1045 2563 1154 2642 coepi,
1177 2567 1295 2622 etcum
1310 2565 1384 2623 ante

149 2708 155 2723 ι
225 2674 310 2738 hunc
331 2693 429 2736 uuurn
457 2680 491 2736 et
516 2671 714 2744 dimidiatum
735 2689 850 2736 annum
876 2673 1083 2737 Saelseldiam
1103 2673 1242 2753 abirem,
1260 2671 1384 2742 ¹munus

223 2791 448 2864 scholasticum
476 2791 713 2874 auspicaturus,
739 2789 834 2883 plane
857 2788 994 2852 abiicere
1027 2777 1099 2854 rem
1129 2793 1290 2856 constitui.
1333 2777 1384 2856 lte

145 2897 148 2910 ’
225 2909 357 2976 obrutus
371 2910 500 2994 insuper
513 2905 777 2998 scholasticorum
790 2908 990 2992 negotiorum
1009 2912 1135 2974 insueta
1154 2909 1250 2990 mole,
1274 2931 1383 2996 quam·

163 3069 165 3076 ,
227 3049 321 3116 qnam
346 3044 410 3094 non
433 3044 561 3113 prorsus
581 3028 691 3110 destiti
711 3026 751 3092 ab
776 3027 874 3112 epicis
895 3026 1092 3109 lectitandis,
1110 3037 1216 3093 tamen
1236 3049 1295 3093 nee
1315 3051 1382 3094 nru-

224 3148 308 3234 plius
329 3142 489 3228 singulare
510 3147 544 3210 in
569 3143 688 3222 Quinto
714 3145 852 3209 studium
874 3149 982 3230 posui,
1005 3155 1038 3211 et
1060 3147 1123 3212 alia
1137 3156 1303 3232 praeterea
1319 3155 1383 3240 tra·

225 3275 311 3334 ctare
332 3237 427 3348 coepi
450 3261 567 3341 multa,
588 3262 628 3326 ab
651 3284 690 3325 eo
708 3271 806 3346 poeta
829 3267 908 3329 satis
930 3276 1064 3332 remota.
1109 3267 1173 3332 Sed
1188 3269 1382 3352 cumprimis

221 3383 438 3467 huius‘ipsius
461 3383 580 3444 mensis
604 3378 717 3444 diebus
739 3379 867 3446 litterae
889 3384 972 3450 milri⁴
980 3384 1097 3452 allatae
1115 3393 1223 3457 esseut
1239 3385 1285 3460 W
1285 3395 1383 3452 erier-

224 3507 347 3580 meai,
367 3503 427 3566 viri
452 3498 638 3578 clarissimi,
670 3497 783 3586 quibus
804 3521 970 3584 menercr,
997 3512 1035 3570 ut
1055 3507 1236 3590 promissis,
1261 3529 1341 3592 quae
1361 3499 1404 3576 β’

224 3643 276 3686 me
296 3621 370 3683 date
388 3625 506 3698 essent,
526 3619 747 3684 satisfacturus
763 3621 1019 3688 dissertationem
1040 3599 1201 3692 mitterem
1221 3628 1302 3692 actis
1328 3640 1381 3686 so-

146 3771 148 3776 ·
224 3739 350 3802 cietatis
363 3757 497 3822 graecae
515 3738 734 3818 inserendam,
756 3741 949 3822 cogitatione
962 3743 1077 3808 iterum
1086 3730 1215 3838 'delatus
1229 3745 1269 3808 ad
1283 3737 1382 3815 Quin·
1485 3724 1491 3735 ¹

224 3864 293 3920 tum
312 3862 435 3940 partem
455 3878 582 3936 eorum,
604 3877 684 3942 quae
708 3856 784 3920 olim
804 3859 838 3920 in
865 3879 936 3921 eum
960 3849 1047 3926 eram
1066 3869 1309 3937 commentatus,
1329 3879 1380 3922 re-

227 3981 415 4051 tractatam,
439 3975 638 4038 emendatam
661 3983 695 4038 et
714 3983 839 4040 auctam
858 3975 979 4060 publici
999 3983 1076 4046 iuris
1091 3985 1196 4048 faeere
1219 3977 1380 4044 constitui·

222 4089 336 4177 Neque
356 4093 442 4159 onim
466 4099 504 4156 ut
525 4092 621 4178 plane
647 4115 731 4158 nova
755 4093 991 4162 conscriberem
1025 4105 1177 4188 temporis
1210 4097 1391 4181 perinte--

223 4209 303 4277 bant
325 4212 507 4295 angustiae,
532 4219 566 4276 et
593 4209 705 4286 Quinti
726 4212 843 4278 edendi
862 4236 920 4300 spe
947 4215 1015 4282 iere
1034 4218 1145 4303 elapsa
1166 4214 1251 4280 baud
1275 4216 1381 4302 ingre*

224 4337 294 4396 tum
311 4328 496 4411 videbatur,
517 4331 545 4396 si
566 4329 697 4418 aliquod
718 4339 865 4412 exstaret
891 4333 1052 4432 publicum
1071 4341 1310 4412 runnunentren
1330 4325 1393 4400 le?
