3044 4986
378 1151 545 1218 VIRO
586 1149 1056 1220 Doc'rlsslnto
1162 1171 1167 1194 ¹

41 1283 1295 1594 VoAn'ono‚A1!uma'nr

424 1685 426 1692 >
522 1613 537 1701 '-
607 1650 642 1726 ,θ’
693 1653 821 1730 ¹³th

138 1812 775 1968 ¹-aaruuamus
827 1853 1182 1935 KaAuua.

602 2089 810 2112 ιι-ιιι--ιιι-ιὺι

133 2244 206 2353 Ad
224 2302 295 2374 acta
314 2291 475 2354 societafis
488 2313 642 2375 graecae,
664 2291 778 2378 quihus
798 2293 852 2378 qui
871 2279 1088 2356 Hennannum
1108 2301 1293 2375 praecepto·

132 2411 203 2452 rem
222 2397 419 2452 venerantur*
437 2397 595 2454 communi
620 2392 760 2477 'quodam
783 2404 818 2453 ut
846 2393 907 2454 viri
930 2393 1045 2454 summi
1073 2391 1207 2469 amoris,
1249 2392 1294 2452 ita

131 2491 308 2556 litterarum
329 2489 633 2574 comprehenduntur
660 2491 804 2572 vinculo,
835 2514 929 2578 quum
960 2513 1021 2576 ego
1043 2491 1167 2578 quoque
1188 2513 1294 2556 meam

133 2578 384 2681 qualemcunque
405 2591 548 2655 conferre
568 2591 685 2656 vellem
711 2591 905 2676 symbolam,
943 2615 987 2657 ex
1006 2591 1175 2658 Plutarcho
1194 2614 1296 2679 pauca
1346 2666 1349 2673 ¹

134 2694 349 2780 depromenda
364 2695 487 2777 putavi,
508 2696 542 2756 iu
557 2715 618 2778 quo
632 2715 704 2756 mea
721 2715 815 2778 quum
833 2697 974 2758 maxime
993 2707 1159 2758 versantur
1180 2695 1294 2782 studiat

136 2793 198 2859 Cui
213 2795 338 2880 quidem
353 2795 498 2878 scriptori
509 2813 608 2879 ¹quum
628 2807 661 2857 tu
687 2783 815 2879 egregie
830 2798 952 2883 scriptis
966 2798 1014 2862 ita
1021 2796 1193 2882 prolueris,
1214 2809 1250 2858 ut
1262 2799 1296 2860 in
1359 2871 1363 2874 ,

135 2918 174 2960 eo
196 2899 288 2982 quasi
306 2911 441 2979 regnare
459 2895 606 2974 videare,
642 2895 681 2958 ad
701 2889 923 2960 te'm‘eam‘de
943 2894 1139 2983 'quibusdam
1159 2900 1296 2961 vitarum

132 2995 213 3062 locis
238 3000 427 3060 sententiam
450 2993 649 3081 perscribere
669 2999 830 3077 constitui,
865 2998 1021 3083 siquidem
1043 2996 1225 3099 sperabam,
1254 3011 1298 3078 te,

134 3121 216 3186 quae
241 3111 291 3162 est
316 3110 370 3160 tua
392 3108 424 3160 ct
443 3097 584 3160 doctrina
599 3108 630 3159 et
650 3095 848 3205 humanitas,
869 3099 1019 3161 iudicium
1033 3119 1140 3161 meum
1156 3111 1210 3164 aut
1228 3120 1297 3163 cor·

133 3213 291 3264 recturum
305 3219 394 3279 esse,
416 3193 535 3278 siquid
556 3193 714 3280 erratum,'·
732 3205 786 3263 aut
809 3185 1081 3278 confirmaturum,
1103 3219 1131 3260 sr
1119 3197 1216 3278 quid
1232 3219 1297 3262 nou

134 3300 385 3384 improbabiliter
402 3297 520 3364 dictum
542 3300 710 3364 videretur.
752 3297 794 3364 Et
815 3301 958 3386 prolecto
981 3311 1045 3379 est,
1072 3297 1155 3384 quod
1181 3299 1220 3363 da
1243 3311 1299 3362 tua

135 3399 329 3467 humanitate
349 3401 493 3488 sperem
522 3403 638 3488 quippe
658 3395 751 3467 cuius
768 3424 869 3487 nuper
886 3401 1055 3464 admodum
1073 3401 1197 3484 insigne
1219 3393 1299 3464 mihi

136 3499 357 3568 documentum
377 3499 583 3583 ιιιιῐιὶἱιιιιιιὶε,Ι
612 3526 707 3591 quum
722 3503 847 3588 roganti
867 3500 945 3564 mihi
957 3503 1040 3564 inter
1054 3503 1243 3590 gravissima
1259 3509 1299 3565 ac'

135 3600 273 3689 plurima
289 3615 320 3666 et
331 3601 470 3679 muneris
484 3615 517 3668 et
531 3603 706 3670 studiorum
723 3595 851 3690 negotia
874 3601 1018 3686 diligenti
1035 3603 1104 3688 ipse
1127 3623 1223 3666 mauu
1244 3623 1300 3666 co-

136 3703 216 3767 dicis
235 3698 435 3778 Monacensis
459 3709 629 3792 scripturas
644 3727 796 3772 exarares
808 3715 841 3768 et
856 3693 940 3769 ultro
956 3704 1034 3768 mihi
1053 3715 1107 3768 tua
1129 3701 1300 3788 pollicere·

135 3813 171 3868 ιθ
190 3801 348 3883 subiba,
373 3805 486 3894 quibus
509 3805 615 3872 uterer
633 3811 673 3871 ad
695 3797 766 3872 eam
788 3796 1012 3892 quam'parare
1030 3807 1168 3867 animum
1183 3803 1299 3867 induxi
1369 3854 1372 3860 .

135 3907 219 3971 vitae
241 3903 411 3968 Phocionis
427 3903 635 3973 editionem.¹
658 3907 757 3972 C'uius
781 3929 841 3991 ego
863 3905 1106 3970 benevolentiae
1103 3927 1204 4000 quas
1221 3907 1298 3990 pos}

137 4024 209 4071 sum
234 4009 393 4070 maximas
420 4012 536 4092 gratias
563 4011 622 4074 tibi
645 4033 716 4096 ago.
766 4007 945 4072 Dicendum
967 4021 1072 4072 autent
1099 3987 1300 4092 potissimum

137 4108 303 4174 videbatur
321 4108 362 4172 de
385 4108 570 4196 quibusdam
592 4134 635 4176 ox
656 4109 742 4176 illa
733 4133 803 4197 rpsa
820 4092 991 4202 Phocionis
1012 4109 1078 4174 vita
1104 4108 1300 4196 depromptis

136 4207 235 4292 locis,
258 4212 298 4275 de
319 4208 432 4298 quibus
448 4210 686 4338 plurimum
630 4231 703 4289 mea
715 4217 883 4338 interest,
897 4221 933 4276 ut
954 4211 994 4276 de
1019 4203 1082 4276 tua
1082 4213 1218 4324 certior
1224 4201 1300 4312 liam

140 4312 316 4376 sententia.
406 4329 410 4339 '
1092 4337 1096 4344 ·

1046 4413 1098 4488 4*
