3030 5002
486 202 870 304 'Ans-.-

333 369 490 471 χείματος
511 381 713 477 ἀρχομένου,
734 379 819 471 μετά
839 387 1016 478 τηλεδόωσ
1039 425 1076 441 -

120 477 182 554 irbi
201 485 340 554 Hardlir'
356 507 468 553 manus
491 511 535 552 ex
554 488 674 552 Aldina
694 488 820 555 allevit:
844 514 889 556 αν·
905 483 1053 579 δπιάρρν.
1113 517 1120 526 ·

210 592 320 674 ltaque
342 592 406 653 iam
428 589 520 654 nobis
540 588 591 652 hic
609 589 675 654 illic
693 589 812 676 aliquid
832 593 1030 656 intercidisse
1051 592 1285 686 suspicantibus

127 711 230 775 neque
251 687 472 770 Monacensis,
494 712 596 776 neque
617 691 699 754 alius
718 692 837 756 codicis
857 691 1026 756 obiiciatur
1047 697 1239 773 auctoritas,
1258 695 1288 758 si
1331 709 1334 715 '

129 791 257 876 quidem
275 813 339 854 non
367 799 505 872 temere,
539 792 596 855 sed
623 793 819 876 argumentis
847 792 1066 878 probabilibus
1092 797 1188 860 innisi
1215 817 1287 860 eam

128 891 356 977 protulerimus
388 895 590 956 sententiam.
650 893 716 956 Sed
751 914 792 956 ne
827 893 921 957 huius
948 893 1054 960 libelli
1082 893 1162 958 fines
1191 897 1309 958 nimis'

130 1013 278 1076 egressus
307 1014 379 1056 esse
400 1015 568 1078 ccargrmr,
587 1015 740 1058 maxuma
760 996 826 1057 iam
844 1002 915 1058 utar
933 993 1107 1075 brevitate,
1135 1001 1170 1057 ut
1192 1002 1226 1058 et
1248 996 1290 1058 de

129 1095 171 1156 iis
184 1092 280 1174 locis,
301 1095 335 1157 in
349 1094 463 1180 quibus
475 1097 538 1158 iam
550 1093 608 1157 alii
619 1101 707 1158 recte
721 1093 827 1180 aliqua
839 1098 958 1158 omissa
975 1116 1046 1158 esse
1060 1095 1290 1176 iudicaverunt,

128 1192 210 1256 nihil
223 1194 387 1275 adiiciam,
408 1201 443 1258 et
462 1193 517 1258 ubi
539 1197 607 1278 ipse
629 1194 774 1258 lacunam
794 1194 871 1262 mihi
890 1195 1137 1278 deprehendisse
1169 1197 1290 1277 videar,

131 1297 199 1357 eius
222 1298 411 1380 suspicionis
433 1316 693 1380 caussam-quam
714 1301 828 1379 potero
850 1298 1059 1379 paucissumis
1082 1294 1188 1360 verbis
1208 1297 1291 1360 indi-

132 1415 212 1458 cem.
235 1393 310 1459 Non
328 1399 414 1460 enim
427 1397 510 1462 hauc
531 1397 571 1460 de
592 1395 714 1459 lacunis
729 1397 953 1479 quaestionem·
965 1396 1007 1460 ad
1020 1394 1118 1460 finem
1133 1419 1201 1460 sum
1219 1419 1292 1482 per·

132 1495 300 1576 ductums,
329 1519 410 1582 quae
432 1520 485 1562 res
506 1495 669 1581 amplioris
689 1504 777 1561 esset
796 1495 1045 1582 laboris,‘quam
1068 1500 1119 1560 eui
1140 1521 1221 1562 nunc
1237 1519 1293 1562 va-

132 1617 204 1661 care
226 1596 318 1672 licet;
349 1620 460 1662 verum
480 1600 559 1662 satis
577 1595 720 1676 habebo,
747 1599 777 1659 si
798 1599 847 1675 ei,
876 1600 1052 1688 quicunque
1075 1597 1157 1662 hunc
1182 1596 1290 1663 locum
1383 1648 1387 1654 -

134 1696 211 1760 clim
231 1701 293 1762 rite
311 1706 560 1779 pertractaturus
583 1706 652 1778 est,
687 1719 789 1782 pauca
816 1697 971 1780 quaedam
996 1697 1140 1762 subsidia
1161 1701 1295 1763 admini-

134 1807 295 1879 stravero,
317 1800 401 1883 apud
421 1822 536 1877 omnes
555 1807 662 1864 autem
680 1819 751 1860 eam
773 1796 1008 1862 labefactavero
1024 1802 1220 1885 opinionem,
1240 1823 1295 1866 cc·

134 1898 256 1963 dinibus
279 1923 299 1963 a
323 1899 493 1982 ΤμεΙιιενιίο
515 1899 641 1964 collatis
662 1892 921 1972 Quinti'carmeu
942 1902 1096 1982 pristinae
1117 1903 1296 1984 integritati

133 1999 200 2063 fere
223 2023 295 2064 esse
319 2006 511 2066 restitutum.
553 2001 704 2064 Fortasse
725 1997 894 2084 aliquando
925 1998 1108 2090 apparebit,
1142 2004 1295 2086 temporis

133 2102 249 2164 iniuria
265 2102 366 2166 multo
386 2106 539 2167 uraicrem
554 2102 626 2165 huic
644 2101 774 2164 carmini
788 2100 913 2166 illatam
928 2122 999 2164 esse
1014 2099 1179 2181 iacturam,
1198 2123 1296 2187 quam

134 2200 295 2288 bucusque
317 2202 462 2266 homines
484 2204 571 2264 docti
590 2208 791 2284 putaverunt.
831 2199 945 2288 Neque
967 2222 1043 2265 vero
1064 2201 1192 2281 dubito,
1220 2204 1296 2287 quin
1390 2229 1393 2238 ·

135 2323 179 2364 ex
199 2305 239 2363 iis
261 2301 362 2381 locis,
383 2324 463 2386 quos
482 2305 515 2364 in
535 2301 670 2364 lacunae
695 2302 909 2382 suspicionem
931 2308 1100 2368 vocaturus
1122 2323 1210 2381 sum,
1240 2300 1297 2367 alii
1418 2347 1423 2356 ,

135 2401 208 2464 aliis
229 2403 346 2484 integri
366 2403 551 2479 videantur,
572 2422 643 2462 curn
664 2408 698 2463 et
719 2403 847 2463 omniuo
863 2399 1093 2464 difficillumum
1111 2404 1154 2464 sit
1167 2401 1228 2465 hcc
1240 2421 1298 2486 ge·
1333 2402 1338 2412 ‘

135 2523 196 2564 nus
214 2502 415 2585 disputandi,
450 2507 484 2564 et
505 2521 656 2564 maxume
675 2498 831 2565 lubricum
853 2504 902 2582 ei,
930 2504 983 2587 qui
1004 2503 1125 2584 primus
1146 2503 1180 2564 id
1206 2504 1298 2564 insti·
1353 2527 1355 2532 ·
1449 2519 1457 2528 ·

135 2611 227 2671 tuere
247 2603 353 2666 audet.
381 2600 465 2665 Aliis
479 2600 559 2665 locis
575 2604 645 2684 ipse
660 2599 774 2665 dubius
798 2600 927 2682 haereo,
949 2611 1055 2666 utum
1071 2606 1211 2687 corrupti
1223 2611 1297 2668 tau-

136 2713 205 2768 tum
227 2724 267 2766 an
288 2702 426 2766 mutilati
447 2705 520 2766 sint.
563 2699 610 2766 Ut
632 2709 740 2767 tamen
760 2702 935 2783 confidam,
955 2726 1006 2766 me
1030 2725 1092 2766 nun
1114 2709 1244 2784 prorsus
1264 2698 1298 2769 iu
1353 2729 1356 2734 ·

136 2806 230 2869 devia
257 2803 474 2868 aberraturum
497 2824 585 2881 esse,
612 2793 851 2888 pennavet'me
872 2807 973 2889 ipsius
994 2802 1173 2867 Hernicum·
1189 2793 1323 2870 arictu-¹

136 2909 231 2984 ritas,
253 2909 307 2992 qui
329 2910 362 2968 et
383 2901 492 2966 multis
513 2905 546 2966 in
566 2902 648 2967 locis
668 2927 774 2968 meam
794 2904 979 2970 lacunarum
999 2908 1211 2990 suspicionem
1225 2929 1299 2991 pro-

136 3006 246 3086 barit,
274 3013 308 3069 et
327 3025 403 3068 vero
426 3005 524 3066 etiam
547 3003 587 3066 de
609 3003 701 3084 aliis,
728 3004 843 3090 quihus
873 3027 933 3089 ego
956 3006 1154 3068 emendando
1175 3029 1301 3072 succur-

136 3131 207 3174 rere
229 3104 415 3184 studebam,
436 3096 522 3170 idem
541 3105 746 3168 statuendum
768 3125 840 3168 esse
859 3101 1051 3168 acutissurue
1071 3096 1250 3190 perspexit.
1300 3139 1303 3149 ·

220 3208 256 3272 ln
277 3207 358 3271 libro
376 3212 501 3290 primo,
522 3204 579 3270 ubi
597 3213 664 3268 tres
689 3226 800 3269 versus
822 3205 891 3285 (40.
907 3208 978 3266 206.
992 3205 1082 3287 751.)
1105 3206 1301 3283 ecodicihus

141 3310 257 3372 adiecit
271 3308 474 3391 Tyclrrerriua,
496 3313 632 3392 quatuor
646 3305 737 3370 locos
750 3327 917 3390 superesse
934 3303 1089 3384 arbitror,
1111 3305 1224 3391 quihus
1241 3308 1301 3372 ali-

19 3449 22 3452 -
141 3429 204 3493 qua
226 3410 426 3474 intercidisse
455 3399 665 3489 probabiliter
686 3406 898 3471 deruonstrari
917 3412 1042 3491 potest3
1078 3406 1201 3495 duqbus
1225 3409 1301 3475 aliis'
1372 3489 1375 3495 Ι

142 3508 223 3572 locis
238 3529 289 3572 res
302 3513 403 3594 magis
420 3509 517 3574 dubia
532 3509 696 3572 videatur,
762 3570 765 3571 a
1296 3511 1301 3518 “

226 3608 354 3673 Etenim
368 3615 478 3675 statim
495 3632 526 3674 v.
540 3613 670 3674 9-14.
685 3605 765 3671 haec
781 3606 820 3671 de
833 3604 1001 3688 Troianis,
1022 3605 1183 3692 Achillem
1201 3631 1301 3693 expa-

143 3707 551 3795 vescentibus,.leguntur:

268 3806 473 3894 μνησάμενοι
491 3810 679 3898 προοέρων,
709 3802 846 3875 δπάσανν
866 3801 1036 3892 ἀπέταμνε
1055 3808 1197 3896 κάρηνα,

268 3900 364 3973 δάιον
381 3901 517 3975 Ἰδαίοιο
540 3907 620 3998 περὶ
639 3911 808 3998 προχοῇσι
828 3904 1063 3994 Σκαμάνδρου,

270 4001 330 4095 ἧδ’
352 4003 472 4084 ὅσσους
493 4008 674 4096 φεύγοντας
694 4005 780 4076 ὑπαὶ
800 4008 885 4093 μέγα
903 4010 1008 4087 τεῖχος
1029 3999 1179 4089 iil-socae,

262 4101 406 4196 Ἕκτορά
426 4100 470 4172 δ’
493 4101 539 4184 ὡς
557 4107 725 4192 ἐδάμασσε
743 4107 800 4175 καὶ
820 4101 911 4197 ἄμφ’
934 4103 1065 4194 εἴρυσσε
1085 4107 1208 4198 πόληι,
1277 4105 1280 4112 ’

271 4200 393 4286 ditione
412 4201 455 4272 δ’
478 4201 525 4287 ὦς
546 4206 655 4284 ἐδάϊξε
673 4203 736 4276 δι”
752 4201 940 4292 άκαμάσοιο
962 4207 1155 4296 θαλάσσης,

270 4303 403 4396 ὁππότε
422 4306 464 4398 δὴ
486 4307 752 4410 euandro-«pipo
778 4308 947 4399 Τρώεσσιν
967 4298 1124 4397 ὄλεθρον.
