3044 4986
309 448 406 513 Phoc.
421 471 489 534 cap.
504 447 544 512 ll.
574 446 685 514 καίτοι
707 445 861 512 δοκοῦσιν
881 441 915 512 ol
947 444 1051 532 δῆμον
1077 446 1206 529 μάλλον
1230 439 1279 523 εἷς
1308 443 1387 524 τούς
1420 470 1425 479 “
1465 493 1467 496 -

228 542 379 636 άγαθρύς
404 546 598 637 ἐξυβρίζειν,
619 543 699 614 δταν
723 540 898 628 εὐτυχῶσιν
918 540 986 613 ὐπὸ
1010 543 1214 635 πραγμάτων
1233 544 1387 630 μεγάλων
1412 605 1414 610 .

227 645 470 739 ἐπαιρόμενον·
481 643 653 732 συμβαίνει
673 645 711 714 δὲ
730 640 928 713 τούναντίον.
971 645 1019 710 Ita
1031 646 1110 711 haec
1125 646 1223 711 verba
1240 643 1387 710 exhibuit

228 749 377 814 Reialrius
394 771 438 812 ex
456 751 593 813 editione
608 749 709 828 lunt,
730 750 764 811 in
778 769 839 833 qua
848 748 974 834 quidem
989 751 1136 833 scriptum
1154 761 1202 811 est
1216 738 1389 828 έντυχῶσιν

231 851 414 936 (allegitur
437 843 612 930 εὐτυχῶσιν
632 852 727 912 etiam
740 851 773 910 iu
788 849 857 912 cod.
872 846 1015 929 Monac,
1042 861 1127 912 certe
1143 849 1223 913 nihil
1242 871 1262 912 a
1279 860 1310 912 tc
1333 848 1389 920 arl-

230 965 369 1016 aotatum
383 951 514 1031 virleu),
533 972 591 1034 pro
609 971 648 1012 cu
671 950 753 1035 quod
769 948 863 1034 vulgo
884 950 1049 1036 lugebatur
1064 962 1095 1012 ct
1112 961 1160 1012 est
1173 951 1267 1013 etiam
1282 941 1315 1013 iu
1328 947 1389 1026 Pa-

231 1053 343 1117 latino:
375 1047 454 1116 δταν
476 1050 618 1115 δοκῶσιν
638 1042 788 1130 εὐτυχεῖν.
833 1050 925 1126 Quae
941 1056 1022 1116 mira
1036 1053 1209 1134 scripturae
1224 1051 1389 1114 diversitas

231 1158 275 1219 ita
289 1152 367 1217 mihi
381 1163 449 1215 orta
462 1150 601 1230 videtur,
623 1163 676 1230 ut,
698 1152 782 1236 «prud
798 1173 893 1238 saepe
909 1157 1025 1218 scimus
1038 1153 1159 1218 lactum
1178 1173 1267 1231 essa,
1289 1150 1389 1214 semel

232 1254 452 1320 oblitteratis
443 1254 521 1336 ipsis
549 1254 709 1337 seripturis
726 1251 833 1317 verbis
855 1255 919 1320 alio
940 1269 1033 1342 atqua
1049 1253 1113 1318 alio
1129 1253 1224 1318 modu
1244 1253 1372 1370 quud
1344 1273 1390 1314 v-1

232 1361 360 1425 aarum
373 1364 459 1418 erret
481 1355 709 1442 emularetur.
750 1354 878 1426 Etenim
894 1360 1013 1456 opinor
1026 1353 1226 1422 Plutarchum
1249 1355 1393 1452 acripaia·

232 1468 285 1522 sc:
308 1448 387 1520 οταν
404 1449 543 1532 τύχωσιν
560 1429 638 1518 arrii
651 1449 854 1542 πραγμάτων
872 1446 1062 1542 μεγάλων
1046 1451 1273 1543 επάιράμενοι.
1306 1449 1391 1517 Nam

233 1570 266 1620 et
285 1553 380 1618 facilc
393 1551 477 1616 hcc
468 1575 500 1616 m
517 1546 692 1634 εὐτυχῶσιν
710 1567 835 1639 poterat
851 1560 979 1637 mutari,
998 1560 1185 1642 pracsertim
1201 1556 1391 1640 praecedeu-

233 1671 264 1722 tc
281 1653 378 1726 simili
402 1652 543 1736 syllaba,
571 1668 603 1718 et
625 1655 795 1720 alibrariis
817 1673 998 1743 corruptum
1019 1657 1150 1722 alteram
1165 1659 1296 1742 gignere
1312 1658 1390 1720 acri-

232 1773 373 1846 pturam‚
395 1759 425 1818 si
444 1757 570 1841 quidem
591 1759 638 1837 ci,
660 1758 744 1844 quod
757 1781 816 1842 per
830 1780 969 1824 errorem
984 1762 1134 1845 scriptum
1151 1772 1218 1823 erat
1239 1758 1390 1836 δοκῶσιν,
1473 1789 1476 1796 ·

234 1859 412 1944 addendum
423 1856 589 1924 videbatur
601 1858 743 1938 verbam.
763 1859 1020 1944 Peropportuaus
1029 1862 1073 1933 ad
1087 1883 1160 1928 eam
1174 1880 1242 1930 ram
1256 1856 1392 1944 proban·

234 1964 307 2025 (lam
319 1960 442 2023 videtur
460 1957 554 2024 locus¹
567 1959 735 2028 Deruosth.
755 1965 789 2024 in
810 1975 888 2027 orat.
906 1965 938 2023 iu
954 1960 1087 2026 Androt.
1104 1969 1132 2044 ξ.
1150 1967 1206 2043 55,
1225 1961 1280 2025 ubi
1296 1981 1392 2046 quum

234 2066 383 2146 scriptum
399 2062 483 2123 sitin
496 2060 585 2124 libris
600 2064 742 2144 optimis:
772 2058 830 2126 καὶ
849 2055 966 2146 μήνεί
985 2059 1103 2128 θέλετε
1124 2060 1338 2153 σκέψασθαι,
1357 2055 1392 2126 τί

234 2162 355 2230 δοῦλον
372 2153 395 2247 ἢ,
416 2154 594 2250 ἐλεύθερον
613 2152 699 2228 εἶναι
719 2161 888 2250 διαφέρει,
911 2162 1009 2227 τοῦτο
1026 2163 1181 2249 μέγιστον
1195 2156 1236 2230 {ir
1247 2159 1391 2284 εὕροιτε,

234 2259 287 2345 δτι
320 2265 390 2339 τοῖς
419 2257 481 2343 μὲν
514 2255 648 2340 δούλοις
680 2261 717 2330 τδ
761 2284 865 2346 σωμα
890 2263 956 2330 τῶν
982 2255 1257 2386 άδικνγμάτων
1237 2261 1397 2349 απάντων
1501 2301 1505 2308 ·

233 2359 423 2431 ὑπεύθυνόν
449 2357 535 2440 έστι,
564 2353 690 2440 τοῖςδ’
706 2359 915 2453 ἐλευθέροις,
949 2356 1025 2440 κάν,
1046 2361 1091 2430 τοὶ
1110 2357 1275 2453 μέγιστ
1295 2356 1394 2428 ricv-

231 2468 352 2548 χῶσι,
390 2458 487 2528 τουτό
514 2455 551 2549 γ’
564 2457 670 2530 ἔνεστι
692 2469 820 2549 σῶσαι,
857 2489 951 2553 quam
978 2451 1163 2585 scripturam
1193 2488 1237 2532 cx
1267 2466 1395 2552 optimis

234 2553 329 2629 libris
347 2585 411 2627 nun
436 2561 588 2624 dubitavit
606 2568 748 2665 recipere
773 2565 1047 2646 Fuukhaenclius,
1083 2572 1117 2632 iu
1127 2566 1279 2650 vulgatis
1303 2564 1395 2630 libris
1430 2647 1431 2652 η

236 2676 358 2730 exstat:
392 2659 433 2726 τά
454 2659 591 2746 μέγιστα
611 2662 750 2744 τύχωσιν
770 2657 959 2743 άδικοῦντες
979 2667 1029 2748 (in
1050 2687 1112 2730 unc
1131 2665 1214 2736 libro
1236 2677 1285 2728 cst
1301 2659 1395 2730 εὐτυ

234 2765 349 2848 prior).
397 2761 519 2826 Pariter
546 2764 630 2826 enim
657 2777 750 2849 atque
776 2768 809 2828 iu
840 2764 898 2829 illo
920 2764 1081 2830 Plutarchi
1100 2764 1172 2828 loco
1196 2787 1226 2828 v.
1251 2756 1396 2847 άιυχῶσι,

238 2877 383 2950 corrupto
399 2855 600 2958 Ιοίδικοῦντες
631 2862 811 2931 addendum
833 2866 1000 2931 videbatur
1021 2870 1061 2934 iis
1088 2870 1141 2955 qui
1168 2864 1266 2934 verba
1293 2877 1394 2930 traus-
1434 2905 1437 2910 ·

237 2972 438 3053 scripserunt.

240 3139 489 3238 Peccatum
519 3159 625 3236 estin
657 3174 801 3268 eiusdem
820 3174 946 3294 generis
969 3190 1051 3244 voce
1077 3193 1146 3260 cap.
1165 3169 1324 3258 XXVlll.
1354 3165 1395 3240 οὐ

234 3245 355 3366 μικρδν
385 3268 424 3337 δε
457 3270 527 3354 τῶ
533 3263 649 3336 πάθει
678 3258 938 3362 mpour'rirpxcr‘
920 3298 939 3340 ο
975 3270 1129 3392 καιρός·
1146 3266 1255 3342 είκάδι
1261 3271 1352 3392 γάρ
1371 3299 1395 3361 νγ

236 3395 457 3510 (γρουραγ
358 3362 649 3470 Βοηδρομιῶνος
662 3367 801 3464 είσνγχθνγ
815 3371 1003 3495 μυρτνγρίων
1021 3367 1140 3462 ὄντων,
1161 3361 1256 3467 ᾗτδν
1264 3365 1398 3460 Ἴακχον.

236 3491 271 3550 ες
286 3494 402 3554 αστεος
411 3464 615 3572 Ἐλευσῖνάδε
629 3472 834 3557 πέμπουσιν,
853 3469 938 3597 ὥστε
956 3478 1015 3564 τῆς
1033 3476 1164 3564 τελετνγς
1181 3470 1398 3597 συγχυθείσης

236 3551 499 3693 άνρίογίζεσθαι
528 3567 605 3670 τούς
624 3572 780 3659 πολλοὺς
806 3571 863 3698 xpi
894 3574 942 3646 τά
960 3571 1172 3668 πρεσβυτερα
1189 3579 1263 3661 τῶν
1289 3571 1396 3662 θείων

147 3715 152 3731 r
235 3671 293 3768 καί
312 3667 354 3738 τά
376 3670 567 3792 πρόρφατα.
603 3667 770 3743 πάλαι
713 3701 789 3758 μεν
801 3674 913 3799 γάρ
888 3674 922 3745 έν
928 3681 1012 3770 τρῖς
1029 3671 1178 3766 ἀρίστοις
1197 3669 1397 3764 corumpatur

236 3761 306 3850 ’τὰς
324 3768 483 3856 μυστικάς
509 3762 608 3866 ίίψεις
636 3773 693 3840 καὶ
722 3773 836 3896 φυγάς
869 3752 1124 3898 παραγείέσθαι
1154 3777 1212 3845 σδν
1239 3771 1398 3862 ἐκπλήξει

167 3873 169 3880 ⁴
236 3897 293 3937 και
283 3868 441 3958 θάμβει
460 3876 525 3941 τῶν
544 3870 730 3976 πολεμιων
752 3903 808 3969 νυν
824 3875 862 3944 δέ
875 3903 951 3972 τοις
973 3872 1091 3956 αὐτοῖς
1105 3875 1206 3969 ἱεροῖς
1220 3904 1260 3949 τοι
1250 3875 1395 3970 δυσχε-

235 3972 437 4094 ρὲυτατα
384 3973 504 4064 πάθνγ
526 4001 584 4064 τνγς
605 3901 803 4056 Ἱίίλάδος
785 3982 980 4060 επισκοπεῖν
1003 3977 1081 4070 τούς
1099 3977 1202 4072 θεούς
1221 3975 1289 4042 κτλ.
1331 3975 1399 4064 Pro

236 4095 385 4161 αριστοις
401 4067 600 4164 εὐτυχήμασι
622 4077 743 4144 Schaef
740 4103 829 4168 arua,
849 4081 936 4176 quod
950 4080 1031 4154 alicu
1045 4081 1162 4148 habere
1177 4079 1325 4166 dicit‚-
1347 4089 1398 4145 cst

235 4193 311 4236 vero
328 4171 427 4259 solius
438 4173 616 4261 Aurinymi,
634 4165 670 4278 ut
685 4183 824 4286 videtur!
840 4184 1073 4251 coniectura—
1032 4181 1122 4248 -δν
1142 4181 1211 4265 τοῖς
1228 4171 1398 4262 μεγίστοις

236 4261 421 4358 ἀτυχήμασι
440 4271 554 4364 prebat
568 4278 638 4346 curu
653 4279 795 4366 Βείείῶο.
835 4276 909 4350 Ναίν
923 4288 1008 4351 euim
1020 4283 1139 4372 opponi
1157 4275 1198 4346 τά
1220 4279 1276 4345 νῦν
1296 4276 1395 4371 πάθη
