3044 4986
540 203 712 306 -311
771 251 831 268 --

107 386 264 478 Euripidis
287 387 474 456 Bacchahas
496 407 528 472 p.
549 387 635 465 λλ),
668 395 734 448 tam
757 381 925 470 magnilica
952 386 992 452 de
1017 385 1078 456 hac
1105 390 1266 479 Euripidis

108 493 217 560 fabula
229 496 356 556 sentire.
393 490 445 554 Ad
459 489 659 570 huiusigitur
670 485 723 548 dei
737 484 905 571 exemplar
920 486 1166 576 Aristophanes,
1188 517 1267 562 sanc

110 608 142 658 et
162 605 248 659 recto
272 593 389 657 iudicio
411 610 505 669 usus,
525 606 615 651 surum
633 584 730 651 finxit
755 588 850 651 derum
871 586 1018 670 mollem,
1043 593 1268 678 effeminatum,

109 697 271 774 timidum,
307 695 359 757 ad'
377 694 519 777 quemvis
542 691 708 774 strepitum
736 694 1055 770 contremescentem,
1093 695 1268 779 imbellem,

108 795 300 882 gloriosum,
321 791 576 878 magniloquum,
598 789 822 869 libidinosum,
846 791 1021 874 stupidum,
1041 793 1269 881 plagipa‘tidam
1355 885 1358 892 Ι

109 905 143 961 et
162 895 285 982 abipso
301 914 393 958 servo
409 895 546 956 irrisum.
588 889 673 956 Nam
693 887 774 954 illud
794 911 918 976 quoque
937 890 1023 956 belle
1047 906 1078 957 et
1100 898 1203 964 facete
1220 904 1269 966 in·

108 1011 235 1063 rentum
247 1003 300 1061 est
314 995 355 1059 ab
370 993 604 1079 Aristophane,
626 992 794 1078 quodiam
812 991 977 1058 misellum
995 995 1089 1060 deum
1108 1005 1270 1067 consocia·

107 1100 239 1170 viteam
250 1094 411 1177 Xanthia,
429 1096 488 1160 vili
505 1103 539 1159 et
549 1087 694 1180 improbo
709 1095 885 1179 mancipio,
906 1105 941 1157 ut
954 1097 1116 1182 utriusque
1131 1104 1271 1186 nequitia

109 1203 211 1284 magis
236 1197 385 1262 eluceret.
440 1195 525 1260 'l’um
549 1217 609 1258 nec
633 1187 694 1258 hoc
721 1193 847 1258 silentio
874 1198 1152 1281 praetereundum,
1186 1203 1271 1288 quod

52 1329 56 1337 ·
109 1300 271 1384 Dionysris
277 1299 391 1386 prodit
404 1303 551 1362 cre‘cotae
564 1295 692 1360 leonine
705 1293 853 1360 Herculis
866 1295 952 1380 pelle
963 1301 1188 1388 superiniecta,
1209 1325 1272 1389 qua

111 1415 281 1487 conspecta
298 1403 408 1464 statim
431 1409 611 1483 spectantes
630 1395 789 1460 recordari
810 1395 969 1472 debebant
997 1402 1079 1464 asini
1104 1402 1139 1466 iu
1160 1401 1271 1470 fabula
1368 1440 1373 1464 ,-

110 1502 239 1567 leonina
250 1501 353 1565 induti
366 1499 447 1564 alios
462 1501 607 1564 terrentis
623 1509 656 1562 et
669 1495 830 1581 proverbii
840 1501 1005 1564 notissimi.
1047 1501 1129 1566 Pur.
1151 1502 1270 1590 Cratyl.

110 1627 143 1690 p.
161 1609 234 1667 411.
249 1601 290 1666 A.
313 1596 406 1684 ὅμως
424 1599 463 1666 δὲ
483 1597 667 1688 ἐπειδήπερ
688 1594 760 1684 τὴν
780 1596 950 1686 λεοντῆν
970 1597 1187 1685 ἐνδέδυκα,
1211 1599 1297 1672 οὖν·

110 1695 383 1782 ἀποδειλιατέον,
412 1699 469 1764 ubi
487 1701 561 1764 vide
579 1704 648 1764 intr.
691 1697 756 1763 Sed
777 1698 842 1763 elic
860 1707 1004 1786 tempore
1028 1710 1063 1766 et
1079 1703 1152 1770 loco
1177 1729 1272 1793 quam

112 1823 204 1868 orsus
218 1823 289 1868 sum
304 1804 401 1868 telam
416 1804 570 1868 detexere
587 1801 783 1867 commodius
797 1812 830 1865 et
843 1805 1062 1887 quaestionem
1081 1806 1120 1870 de
1139 1811 1272 1889 ratione,

113 1926 193 1990 quae
212 1908 295 1970 inter
315 1904 540 1990 Aristophanis
561 1900 668 1966 Ranae
688 1913 721 1966 et
739 1901 901 1988 Euripidis
919 1901 1063 1973 Bacchas
1075 1910 1273 1994 intercedat,

111 2008 288 2072 institutam
301 2006 470 2072 absolvere
486 2004 604 2070 licebit.
725 2041 729 2050 ·

647 2137 733 2224 111.
811 2145 812 2152 ‘

195 2303 253 2370 Uti
266 2309 320 2393 qui
332 2309 460 2370 vincere
478 2302 547 2368 vult
566 2302 682 2382 miles,
703 2315 777 2367 ante
794 2307 900 2368 omnia
919 2327 1007 2371 arma
1023 2320 1055 2372 et
1070 2307 1204 2374 artificia
1219 2312 1275 2376 ad·

112 2408 247 2468 versarii
266 2425 364 2467 nosse
382 2403 494 2482 debet,
522 2423 584 2487 quo
611 2405 709 2465 tutius
727 2402 839 2486 plagas
860 2404 999 2469 declinet
1019 2419 1052 2470 et
1072 2407 1197 2490 eludat,
1220 2413 1277 2476 ita

114 2504 224 2572 callidi
244 2518 294 2570 est
313 2502 461 2584 artificis,
487 2524 552 2568 non
572 2501 675 2566 solum
696 2523 778 2590 quae
801 2517 888 2570 recta
902 2520 980 2571 ‘sunt
997 2511 1137 2596 artisque
1151 2509 1277 2598 legibus

114 2608 337 2676 convenientia
350 2608 534 2691 praecipere
550 2617 582 2668 et
592 2604 709 2684 iacere,
722 2605 781 2670 sed
794 2607 889 2671 etiam
904 2629 985 2694 quae
1000 2613 1103 2674 minus
1117 2624 1204 2676 recta
1222 2623 1277 2678 aut

113 2730 213 2794 praua
228 2717 340 2772 notare
361 2715 395 2772 et
417 2705 555 2792 fingere,
577 2729 640 2792 quo
659 2706 790 2798 xfacilius
811 2729 936 2774 errores
956 2719 1136 2776 caveantur.
1180 2711 1276 2790 Quod

112 2813 143 2874 is
165 2813 283 2896 optime
301 2809 415 2888 faciet,
432 2811 486 2894 qui
507 2811 576 2894 ipse
596 2830 655 2892 per
677 2808 837 2873 anfractus
853 2823 886 2874 et
898 2812 991 2878 devia
1004 2815 1044 2878 ad
1059 2835 1183 2878 summa
1197 2819 1276 2880 artis

113 2919 265 2998 tanquam
278 2912 430 2976 verticem
443 2913 562 2974 montis
576 2912 684 2974 enisus
700 2913 759 2991 sit,
780 2913 865 2978 unde
880 2911 945 2978 late
962 2927 1072 3000 pateat
1091 2927 1278 3000 prospectus

116 3026 149 3078 et
168 3013 262 3078 facile
287 3010 464 3076 enantibus
489 3013 574 3086 viae¹
589 3010 776 3094 compendia
796 3025 972 3078 monstrare
993 3018 1104 3100 possit.
1149 3013 1222 3092 Quo
1244 3022 1278 3082 in

115 3136 233 3200 genere
257 3113 415 3178 duuruviri
435 3114 593 3197 principes
616 3113 745 3196 antiquo
768 3123 910 3198 ternpore
930 3115 1166 3197 excelluerunt,
1186 3116 1280 3181 Plato

116 3223 151 3281 et
165 3198 414 3300 Aristophanes,
438 3233 571 3294 quorum
587 3211 643 3275 ille
656 3213 690 3276 in
707 3209 908 3293 ἐπιδείξεσιν
928 3217 970 3280 ad
985 3237 1106 3282 morem
1121 3229 1154 3282 et
1169 3239 1281 3288 exeru-

116 3316 205 3401 plum
226 3314 439 3402 sophistarum
455 3321 489 3390 et
512 3313 673 3378 rhetorum
693 3317 775 3379 mira
790 3328 858 3380 arte
875 3317 1047 3384 elaboratis
1065 3321 1111 3382 ita
1133 3320 1281 3386 adversa·

116 3418 235 3480 riorum
253 3420 335 3482 vitia
352 3413 523 3482 cumulavit
545 3429 576 3480 et
595 3417 687 3502 quasi
701 3418 735 3480 in
753 3437 849 3482 riuum
864 3421 985 3504 coegit,
1008 3433 1044 3484 ut
1059 3422 1198 3507 pravitas
1214 3443 1281 3486 ma-

118 3515 210 3580 thodi
228 3529 260 3580 ct
273 3518 457 3589 ‚disserendi
475 3517 686 3602 etcogitandi
702 3523 816 3602 sponte
840 3521 874 3582 in
895 3518 1005 3584 oculos
1020 3525 1209 3604 incurreret,
1229 3523 1282 3588 hic

120 3629 229 3682 autem
246 3619 292 3680 ita
310 3623 417 3684 omnia
436 3621 549 3704 poesis·
567 3619 801 3702 generatenuit
816 3631 848 3682 et
863 3631 949 3684 tanta
962 3621 1114 3688 facilitate
1128 3626 1162 3687 in
1178 3625 1285 3690 studia

120 3731 158 3784 et
175 3729 260 3782 artes
280 3721 457 3805 aequalium
477 3731 643 3806 poetarum
663 3739 699 3782 se
712 3719 900 3801 insinuavit,
921 3735 956 3785 ut
967 3725 1145 3789 irridendos
1159 3739 1282 3810 promte

121 3820 240 3884 imitari
258 3832 376 3903 posset.
417 3819 509 3886 Haec
523 3821 699 3907 praefanda
713 3833 817 3902 erant,
839 3822 1003 3905 utumelius
1025 3827 1157 3890 iudicari
1172 3839 1283 3911 posset
1331 3907 1333 3911 ι

121 3922 163 3984 de
191 3922 330 3984 carmine
358 3922 399 3986 ad
424 3924 620 3988 irridendum
648 3921 832 4008 Euripidem
859 3929 1036 4012 composito
1063 3929 1098 3992 in
1125 3927 1209 3995 Rau.
1235 3948 1301 4032 vs..

123 4028 205 4088 1³24
220 4044 268 4111 sq.

343 4147 346 4154 ’
412 4114 496 4190 λν’δ
519 4118 683 4213 φίλαυλος
701 4117 827 4194 ἔπαλλε
848 4125 928 4196 tet·

413 4219 474 4312 ’φὶς
489 4222 642 4313 πρώραις
656 4227 910 4312 κυανεμβόλοις,

331 4357 345 4410 j
410 4325 551 4413 μαντεῖα
569 4323 626 4396 sot
644 4322 849 4411 mediove·
952 4373 956 4380 -
