<?xml version="1.0" encoding="UTF-8"?>
<!DOCTYPE html PUBLIC "-//W3C//DTD XHTML 1.0 Transitional//EN"
    "http://www.w3.org/TR/xhtml1/DTD/xhtml1-transitional.dtd">
<html xmlns="http://www.w3.org/1999/xhtml" xml:lang="en" lang="en">
 <head>
  <title>
</title>
<meta http-equiv="Content-Type" content="text/html;charset=utf-8" />
  <meta name='ocr-system' content='tesseract 3.04.00' />
  <meta name='ocr-capabilities' content='ocr_page ocr_carea ocr_par ocr_line ocrx_word'/>
</head>
<body>
  <div class='ocr_page' id='page_1' title='image "actasocietatisg00funkgoog_0021.png"; bbox 0 0 3044 4986; ppageno 0'>
   <div class='ocr_carea' id='block_1_1' title="bbox 441 185 951 324">
    <p class='ocr_par' dir='ltr' id='par_1_1' title="bbox 441 185 951 324">
     <span class='ocr_line' id='line_1_1' title="bbox 441 185 951 324; baseline -0.016 -18"><span class='ocrx_word' id='word_1_1' title='bbox 441 185 951 324; x_wconf 76' lang='lat' dir='ltr'>&#39;-1a---¹</span> 
     </span>
    </p>
   </div>
   <div class='ocr_carea' id='block_1_2' title="bbox 29 499 1275 1200">
    <p class='ocr_par' dir='ltr' id='par_1_2' title="bbox 112 499 923 590">
     <span class='ocr_line' id='line_1_2' title="bbox 112 499 923 590; baseline -0.014 -17"><span class='ocrx_word' id='word_1_2' title='bbox 112 508 237 573; x_wconf 88' lang='lat' dir='ltr'>deliciis</span> <span class='ocrx_word' id='word_1_3' title='bbox 255 515 306 571; x_wconf 89' lang='lat' dir='ltr'>est</span> <span class='ocrx_word' id='word_1_4' title='bbox 319 503 480 590; x_wconf 80' lang='lat' dir='ltr'>Euripidi,</span> <span class='ocrx_word' id='word_1_5' title='bbox 500 501 552 564; x_wconf 90' lang='lat' dir='ltr'>cll.</span> <span class='ocrx_word' id='word_1_6' title='bbox 567 499 696 564; x_wconf 80' lang='lat' dir='ltr'>Hercul.</span> <span class='ocrx_word' id='word_1_7' title='bbox 713 500 773 564; x_wconf 84' lang='lat' dir='ltr'>fur.</span> <span class='ocrx_word' id='word_1_8' title='bbox 787 519 834 562; x_wconf 83' lang='lat' dir='ltr'>va.</span> <span class='ocrx_word' id='word_1_9' title='bbox 851 501 923 562; x_wconf 84' lang='grc'><strong>775.</strong></span> 
     </span>
    </p>

    <p class='ocr_par' dir='ltr' id='par_1_3' title="bbox 29 591 1275 1200">
     <span class='ocr_line' id='line_1_3' title="bbox 195 591 1190 694; baseline -0.009 -20"><span class='ocrx_word' id='word_1_10' title='bbox 195 598 245 674; x_wconf 81' lang='grc' dir='ltr'>οἷ’</span> <span class='ocrx_word' id='word_1_11' title='bbox 265 603 328 694; x_wconf 69' lang='lat' dir='ltr'>dyo)</span> <span class='ocrx_word' id='word_1_12' title='bbox 351 602 748 690; x_wconf 84' lang='grc' dir='ltr'><strong><em>σταδιοδρομοῦμαι</em></strong></span> <span class='ocrx_word' id='word_1_13' title='bbox 769 595 903 686; x_wconf 77' lang='grc' dir='ltr'><strong><em>στέρνον</em></strong></span> <span class='ocrx_word' id='word_1_14' title='bbox 923 591 970 676; x_wconf 85' lang='grc' dir='ltr'><strong><em>εἰς</em></strong></span> <span class='ocrx_word' id='word_1_15' title='bbox 986 591 1190 688; x_wconf 80' lang='grc' dir='ltr'><strong><em>Ἡρακλέους</em></strong></span> 
     </span>
     <span class='ocr_line' id='line_1_4' title="bbox 29 694 1273 794; baseline -0.011 -16"><span class='ocrx_word' id='word_1_16' title='bbox 29 763 37 778; x_wconf 91' lang='grc'><em>,</em></span> <span class='ocrx_word' id='word_1_17' title='bbox 113 724 144 775; x_wconf 90' lang='lat' dir='ltr'>et</span> <span class='ocrx_word' id='word_1_18' title='bbox 165 731 213 774; x_wconf 77' lang='lat' dir='ltr'>vs,</span> <span class='ocrx_word' id='word_1_19' title='bbox 227 713 299 774; x_wconf 93' lang='grc'><strong>999.</strong></span> <span class='ocrx_word' id='word_1_20' title='bbox 326 697 436 794; x_wconf 60' lang='lat' dir='ltr'>didon</span> <span class='ocrx_word' id='word_1_21' title='bbox 455 739 498 753; x_wconf 91' lang='lat'><em>-</em></span> <span class='ocrx_word' id='word_1_22' title='bbox 517 694 720 792; x_wconf 70' lang='grc' dir='ltr'><em>Εὐρυσθέως</em></span> <span class='ocrx_word' id='word_1_23' title='bbox 741 694 888 766; x_wconf 81' lang='grc' dir='ltr'><strong><em>δίαυλον.</em></strong></span> <span class='ocrx_word' id='word_1_24' title='bbox 929 698 996 764; x_wconf 86' lang='lat' dir='ltr'>lam</span> <span class='ocrx_word' id='word_1_25' title='bbox 1020 701 1207 765; x_wconf 78' lang='lat' dir='ltr'><strong>accedamus</strong></span> <span class='ocrx_word' id='word_1_26' title='bbox 1230 701 1273 765; x_wconf 89' lang='lat' dir='ltr'>ad</span> 
     </span>
     <span class='ocr_line' id='line_1_5' title="bbox 112 799 1273 895; baseline -0.009 -19"><span class='ocrx_word' id='word_1_27' title='bbox 112 810 211 876; x_wconf 89' lang='lat' dir='ltr'>verba</span> <span class='ocrx_word' id='word_1_28' title='bbox 226 815 405 895; x_wconf 71' lang='lat' dir='ltr'>postrerna5</span> <span class='ocrx_word' id='word_1_29' title='bbox 419 828 499 894; x_wconf 90' lang='lat' dir='ltr'>quae</span> <span class='ocrx_word' id='word_1_30' title='bbox 516 825 611 868; x_wconf 87' lang='lat' dir='ltr'>sensu</span> <span class='ocrx_word' id='word_1_31' title='bbox 625 799 730 888; x_wconf 89' lang='lat' dir='ltr'>aliquo</span> <span class='ocrx_word' id='word_1_32' title='bbox 744 802 873 864; x_wconf 91' lang='lat' dir='ltr'>minime</span> <span class='ocrx_word' id='word_1_33' title='bbox 888 801 1038 866; x_wconf 88' lang='lat' dir='ltr'>destituta</span> <span class='ocrx_word' id='word_1_34' title='bbox 1054 822 1127 866; x_wconf 86' lang='lat' dir='ltr'>esse</span> <span class='ocrx_word' id='word_1_35' title='bbox 1140 801 1273 866; x_wconf 85' lang='lat' dir='ltr'>docebo.</span> 
     </span>
     <span class='ocr_line' id='line_1_6' title="bbox 113 901 1275 991; baseline -0.006 -15"><span class='ocrx_word' id='word_1_36' title='bbox 113 911 165 976; x_wconf 94' lang='lat' dir='ltr'>llli</span> <span class='ocrx_word' id='word_1_37' title='bbox 185 932 298 975; x_wconf 89' lang='lat' dir='ltr'>navem</span> <span class='ocrx_word' id='word_1_38' title='bbox 319 909 579 973; x_wconf 73' lang='lat' dir='ltr'>circumsidentes</span> <span class='ocrx_word' id='word_1_39' title='bbox 601 902 741 988; x_wconf 78' lang='lat' dir='ltr'>delphini</span> <span class='ocrx_word' id='word_1_40' title='bbox 761 901 1046 967; x_wconf 86' lang='lat' dir='ltr'>circumvolvuntur</span> <span class='ocrx_word' id='word_1_41' title='bbox 1062 905 1118 966; x_wconf 89' lang='lat' dir='ltr'>et</span> <span class='ocrx_word' id='word_1_42' title='bbox 1109 924 1143 967; x_wconf 88' lang='grc' dir='ltr'>ιιι</span> <span class='ocrx_word' id='word_1_43' title='bbox 1156 907 1275 991; x_wconf 77' lang='lat' dir='ltr'>spiram</span> 
     </span>
     <span class='ocr_line' id='line_1_7' title="bbox 113 1002 1274 1103; baseline -0.006 -26"><span class='ocrx_word' id='word_1_44' title='bbox 113 1015 253 1099; x_wconf 84' lang='lat' dir='ltr'>atquem</span> <span class='ocrx_word' id='word_1_45' title='bbox 269 1010 364 1075; x_wconf 89' lang='lat' dir='ltr'>orbes</span> <span class='ocrx_word' id='word_1_46' title='bbox 378 1031 413 1074; x_wconf 87' lang='lat' dir='ltr'>se</span> <span class='ocrx_word' id='word_1_47' title='bbox 429 1006 607 1103; x_wconf 81' lang='lat' dir='ltr'>colligunt3</span> <span class='ocrx_word' id='word_1_48' title='bbox 627 1007 681 1091; x_wconf 89' lang='lat' dir='ltr'>qui</span> <span class='ocrx_word' id='word_1_49' title='bbox 699 1002 850 1069; x_wconf 85' lang='lat' dir='ltr'>volvendi</span> <span class='ocrx_word' id='word_1_50' title='bbox 865 1003 978 1067; x_wconf 86' lang='lat' dir='ltr'>modus</span> <span class='ocrx_word' id='word_1_51' title='bbox 986 1016 1189 1088; x_wconf 83' lang='lat' dir='ltr'>comparatur</span> <span class='ocrx_word' id='word_1_52' title='bbox 1203 1027 1274 1070; x_wconf 85' lang='lat' dir='ltr'>curn</span> 
     </span>
     <span class='ocr_line' id='line_1_8' title="bbox 73 1102 1274 1200; baseline -0.009 -21"><span class='ocrx_word' id='word_1_53' title='bbox 73 1127 76 1136; x_wconf 85' lang='lat'><em>&#39;</em></span> <span class='ocrx_word' id='word_1_54' title='bbox 113 1117 291 1200; x_wconf 79' lang='lat' dir='ltr'>pampineis</span> <span class='ocrx_word' id='word_1_55' title='bbox 311 1109 447 1190; x_wconf 83' lang='lat' dir='ltr'>vitibus,</span> <span class='ocrx_word' id='word_1_56' title='bbox 476 1129 547 1172; x_wconf 87' lang='lat' dir='ltr'>curn</span> <span class='ocrx_word' id='word_1_57' title='bbox 570 1105 731 1171; x_wconf 83' lang='lat' dir='ltr'>volumine</span> <span class='ocrx_word' id='word_1_58' title='bbox 753 1105 882 1184; x_wconf 89' lang='lat' dir='ltr'>vitium,</span> <span class='ocrx_word' id='word_1_59' title='bbox 904 1102 1034 1188; x_wconf 88' lang='lat' dir='ltr'>quibus</span> <span class='ocrx_word' id='word_1_60' title='bbox 1032 1102 1137 1168; x_wconf 90' lang='lat' dir='ltr'>semel</span> <span class='ocrx_word' id='word_1_61' title='bbox 1153 1125 1274 1168; x_wconf 92' lang='lat' dir='ltr'>memo-</span> 
     </span>
    </p>
   </div>
   <div class='ocr_carea' id='block_1_3' title="bbox 114 1200 1394 1301">
    <p class='ocr_par' dir='ltr' id='par_1_4' title="bbox 114 1200 1394 1301">
     <span class='ocr_line' id='line_1_9' title="bbox 114 1200 1394 1301; baseline -0.009 -21"><span class='ocrx_word' id='word_1_62' title='bbox 114 1219 190 1280; x_wconf 83' lang='lat' dir='ltr'>ratis</span> <span class='ocrx_word' id='word_1_63' title='bbox 206 1226 302 1301; x_wconf 83' lang='lat' dir='ltr'>poeta</span> <span class='ocrx_word' id='word_1_64' title='bbox 318 1200 483 1276; x_wconf 86' lang='lat' dir='ltr'>inhaeret&#39;</span> <span class='ocrx_word' id='word_1_65' title='bbox 474 1223 536 1291; x_wconf 87' lang='lat' dir='ltr'>rta,</span> <span class='ocrx_word' id='word_1_66' title='bbox 557 1215 593 1271; x_wconf 87' lang='lat' dir='ltr'>ut</span> <span class='ocrx_word' id='word_1_67' title='bbox 611 1227 719 1272; x_wconf 87' lang='lat' dir='ltr'>earum</span> <span class='ocrx_word' id='word_1_68' title='bbox 740 1211 774 1268; x_wconf 91' lang='lat' dir='ltr'>et</span> <span class='ocrx_word' id='word_1_69' title='bbox 787 1217 934 1268; x_wconf 86' lang='lat' dir='ltr'>naturam</span> <span class='ocrx_word' id='word_1_70' title='bbox 953 1215 984 1268; x_wconf 89' lang='lat' dir='ltr'>et</span> <span class='ocrx_word' id='word_1_71' title='bbox 1002 1204 1169 1270; x_wconf 83' lang='lat' dir='ltr'>utilitatem</span> <span class='ocrx_word' id='word_1_72' title='bbox 1182 1228 1275 1292; x_wconf 85' lang='lat' dir='ltr'>prae·</span> <span class='ocrx_word' id='word_1_73' title='bbox 1389 1219 1394 1239; x_wconf 69' lang='grc'><em>“</em></span> 
     </span>
    </p>
   </div>
   <div class='ocr_carea' id='block_1_4' title="bbox 114 1305 1334 2204">
    <p class='ocr_par' dir='ltr' id='par_1_5' title="bbox 114 1305 1334 2204">
     <span class='ocr_line' id='line_1_10' title="bbox 116 1305 1276 1396; baseline -0.009 -15"><span class='ocrx_word' id='word_1_74' title='bbox 116 1321 208 1382; x_wconf 89' lang='lat' dir='ltr'>dicet.</span> <span class='ocrx_word' id='word_1_75' title='bbox 252 1313 438 1378; x_wconf 88' lang='lat' dir='ltr'>Obscuritas</span> <span class='ocrx_word' id='word_1_76' title='bbox 463 1313 558 1396; x_wconf 90' lang='lat' dir='ltr'>igitur</span> <span class='ocrx_word' id='word_1_77' title='bbox 577 1310 676 1374; x_wconf 89' lang='lat' dir='ltr'>nostri</span> <span class='ocrx_word' id='word_1_78' title='bbox 698 1307 762 1372; x_wconf 90' lang='lat' dir='ltr'>loci</span> <span class='ocrx_word' id='word_1_79' title='bbox 791 1309 935 1392; x_wconf 83' lang='lat' dir='ltr'>quamvis</span> <span class='ocrx_word' id='word_1_80' title='bbox 963 1305 1106 1374; x_wconf 78' lang='lat' dir='ltr'>studiose</span> <span class='ocrx_word' id='word_1_81' title='bbox 1132 1310 1276 1392; x_wconf 88' lang='lat' dir='ltr'>quaesita</span> 
     </span>
     <span class='ocr_line' id='line_1_11' title="bbox 114 1407 1277 1527; baseline -0.009 -45"><span class='ocrx_word' id='word_1_82' title='bbox 114 1420 187 1482; x_wconf 92' lang='lat' dir='ltr'>inde</span> <span class='ocrx_word' id='word_1_83' title='bbox 202 1430 276 1482; x_wconf 86' lang='lat' dir='ltr'>nata</span> <span class='ocrx_word' id='word_1_84' title='bbox 291 1428 354 1495; x_wconf 91' lang='lat' dir='ltr'>est,</span> <span class='ocrx_word' id='word_1_85' title='bbox 377 1413 460 1502; x_wconf 81' lang='lat' dir='ltr'>quod</span> <span class='ocrx_word' id='word_1_86' title='bbox 475 1410 572 1478; x_wconf 89' lang='lat' dir='ltr'>verba</span> <span class='ocrx_word' id='word_1_87' title='bbox 589 1421 794 1527; x_wconf 84' lang='lat' dir='ltr'>praepostere</span> <span class='ocrx_word' id='word_1_88' title='bbox 816 1407 972 1472; x_wconf 87' lang='lat' dir='ltr'>collocata</span> <span class='ocrx_word' id='word_1_89' title='bbox 986 1414 1061 1472; x_wconf 87' lang='lat' dir='ltr'>sunt</span> <span class='ocrx_word' id='word_1_90' title='bbox 1075 1419 1106 1471; x_wconf 91' lang='lat' dir='ltr'>et</span> <span class='ocrx_word' id='word_1_91' title='bbox 1121 1409 1206 1493; x_wconf 80' lang='lat' dir='ltr'>quod</span> <span class='ocrx_word' id='word_1_92' title='bbox 1219 1407 1277 1472; x_wconf 86' lang='lat' dir='ltr'>illa</span> 
     </span>
     <span class='ocr_line' id='line_1_12' title="bbox 117 1505 1277 1604; baseline -0.008 -19"><span class='ocrx_word' id='word_1_93' title='bbox 117 1513 277 1596; x_wconf 70' lang='grc' dir='ltr'><strong><em>οἰνάνθας</em></strong></span> <span class='ocrx_word' id='word_1_94' title='bbox 295 1513 394 1604; x_wconf 86' lang='grc' dir='ltr'><strong><em>γόνος</em></strong></span> <span class='ocrx_word' id='word_1_95' title='bbox 415 1505 568 1598; x_wconf 83' lang='grc' dir='ltr'><strong><em>οἰμπέλου</em></strong></span> <span class='ocrx_word' id='word_1_96' title='bbox 584 1511 791 1597; x_wconf 86' lang='lat' dir='ltr'>appositionis</span> <span class='ocrx_word' id='word_1_97' title='bbox 802 1507 875 1572; x_wconf 88' lang='lat' dir='ltr'>loco</span> <span class='ocrx_word' id='word_1_98' title='bbox 890 1509 931 1572; x_wconf 92' lang='lat' dir='ltr'>ad</span> <span class='ocrx_word' id='word_1_99' title='bbox 943 1505 1086 1597; x_wconf 75' lang='grc' dir='ltr'><strong><em>βότρυος</em></strong></span> <span class='ocrx_word' id='word_1_100' title='bbox 1097 1510 1277 1576; x_wconf 87' lang='lat' dir='ltr'>adiicienda</span> 
     </span>
     <span class='ocr_line' id='line_1_13' title="bbox 118 1605 1164 1692; baseline -0.011 -7"><span class='ocrx_word' id='word_1_101' title='bbox 118 1623 205 1685; x_wconf 83' lang='lat' dir='ltr'>addit</span> <span class='ocrx_word' id='word_1_102' title='bbox 192 1628 225 1684; x_wconf 88' lang='lat' dir='ltr'>ta</span> <span class='ocrx_word' id='word_1_103' title='bbox 242 1632 315 1683; x_wconf 86' lang='lat' dir='ltr'>sunt</span> <span class='ocrx_word' id='word_1_104' title='bbox 333 1615 383 1680; x_wconf 89' lang='lat' dir='ltr'>illi</span> <span class='ocrx_word' id='word_1_105' title='bbox 403 1612 512 1692; x_wconf 80' lang='grc' dir='ltr'><strong><em>έλικα,</em></strong></span> <span class='ocrx_word' id='word_1_106' title='bbox 535 1636 586 1678; x_wconf 84' lang='lat' dir='ltr'>cur</span> <span class='ocrx_word' id='word_1_107' title='bbox 575 1609 802 1676; x_wconf 89' lang='lat' dir='ltr'>adhibendus</span> <span class='ocrx_word' id='word_1_108' title='bbox 814 1620 863 1672; x_wconf 86' lang='lat' dir='ltr'>est</span> <span class='ocrx_word' id='word_1_109' title='bbox 878 1605 1012 1674; x_wconf 82' lang='lat' dir='ltr'>Nonnus</span> <span class='ocrx_word' id='word_1_110' title='bbox 1028 1613 1079 1674; x_wconf 84' lang='lat'>38.</span> <span class='ocrx_word' id='word_1_111' title='bbox 1092 1615 1164 1676; x_wconf 81' lang='lat'>370.</span> 
     </span>
     <span class='ocr_line' id='line_1_14' title="bbox 324 1710 964 1804; baseline -0.017 -22"><span class='ocrx_word' id='word_1_112' title='bbox 324 1716 538 1804; x_wconf 75' lang='grc' dir='ltr'><strong><em>κυβιστητῆρι</em></strong></span> <span class='ocrx_word' id='word_1_113' title='bbox 558 1711 596 1780; x_wconf 83' lang='grc' dir='ltr'>δε</span> <span class='ocrx_word' id='word_1_114' title='bbox 616 1710 741 1796; x_wconf 76' lang='grc' dir='ltr'><strong><em>παλμῷ</em></strong></span> <span class='ocrx_word' id='word_1_115' title='bbox 961 1723 964 1732; x_wconf 89' lang='grc'><strong>’</strong></span> 
     </span>
     <span class='ocr_line' id='line_1_15' title="bbox 265 1805 839 1902; baseline -0.014 -18"><span class='ocrx_word' id='word_1_116' title='bbox 265 1885 270 1898; x_wconf 72' lang='grc'><strong><em>,</em></strong></span> <span class='ocrx_word' id='word_1_117' title='bbox 326 1807 656 1902; x_wconf 78' lang='grc' dir='ltr'><strong><em>έλιξοίρχήσατο</em></strong></span> <span class='ocrx_word' id='word_1_118' title='bbox 679 1805 839 1902; x_wconf 81' lang='grc' dir='ltr'><strong><em>δελφίς.</em></strong></span> 
     </span>
     <span class='ocr_line' id='line_1_16' title="bbox 117 1913 1277 1998; baseline -0.003 -14"><span class='ocrx_word' id='word_1_119' title='bbox 117 1919 226 1984; x_wconf 85' lang='lat' dir='ltr'>Animi</span> <span class='ocrx_word' id='word_1_120' title='bbox 246 1941 343 1983; x_wconf 88' lang='lat' dir='ltr'>causa</span> <span class='ocrx_word' id='word_1_121' title='bbox 362 1916 527 1982; x_wconf 84' lang='lat' dir='ltr'>ridiculam</span> <span class='ocrx_word' id='word_1_122' title='bbox 546 1913 656 1979; x_wconf 87' lang='lat' dir='ltr'>Bothii</span> <span class='ocrx_word' id='word_1_123' title='bbox 677 1915 968 1998; x_wconf 83' lang='lat' dir='ltr'>interpretationem</span> <span class='ocrx_word' id='word_1_124' title='bbox 985 1935 1161 1980; x_wconf 90' lang='lat' dir='ltr'>memorare</span> <span class='ocrx_word' id='word_1_125' title='bbox 1171 1913 1277 1982; x_wconf 85' lang='lat' dir='ltr'>lubet:</span> 
     </span>
     <span class='ocr_line' id='line_1_17' title="bbox 117 2005 1334 2102; baseline -0.002 -17"><span class='ocrx_word' id='word_1_126' title='bbox 117 2028 270 2086; x_wconf 76' lang='lat' dir='ltr'>vaticinio</span> <span class='ocrx_word' id='word_1_127' title='bbox 290 2029 325 2084; x_wconf 85' lang='lat' dir='ltr'>et</span> <span class='ocrx_word' id='word_1_128' title='bbox 344 2039 450 2083; x_wconf 79' lang='lat' dir='ltr'>cursus</span> <span class='ocrx_word' id='word_1_129' title='bbox 480 2026 573 2102; x_wconf 82' lang='lat' dir='ltr'>atque</span> <span class='ocrx_word' id='word_1_130' title='bbox 592 2005 695 2079; x_wconf 83' lang='grc' dir='ltr'><strong><em>υτόιιοι</em></strong></span> <span class='ocrx_word' id='word_1_131' title='bbox 716 2017 835 2080; x_wconf 81' lang='lat' dir='ltr'>saltare</span> <span class='ocrx_word' id='word_1_132' title='bbox 858 2007 977 2079; x_wconf 72' lang='lat' dir='ltr'>dicitur</span> <span class='ocrx_word' id='word_1_133' title='bbox 998 2015 1176 2100; x_wconf 70' lang='lat' dir='ltr'>delphinus,</span> <span class='ocrx_word' id='word_1_134' title='bbox 1205 2019 1226 2082; x_wconf 84' lang='lat' dir='ltr'>i.</span> <span class='ocrx_word' id='word_1_135' title='bbox 1249 2041 1279 2084; x_wconf 87' lang='lat' dir='ltr'>e.</span> <span class='ocrx_word' id='word_1_136' title='bbox 1332 2087 1334 2093; x_wconf 62' lang='grc'><strong><em>,</em></strong></span> 
     </span>
     <span class='ocr_line' id='line_1_18' title="bbox 118 2113 1237 2204; baseline -0.004 -14"><span class='ocrx_word' id='word_1_137' title='bbox 118 2129 272 2190; x_wconf 76' lang='lat' dir='ltr'>uaticinia</span> <span class='ocrx_word' id='word_1_138' title='bbox 287 2122 327 2187; x_wconf 87' lang='lat' dir='ltr'>de</span> <span class='ocrx_word' id='word_1_139' title='bbox 341 2141 433 2186; x_wconf 82' lang='grc' dir='ltr'><strong><em>αιτιιι</em></strong></span> <span class='ocrx_word' id='word_1_140' title='bbox 445 2124 512 2183; x_wconf 78' lang='lat' dir='ltr'>sive</span> <span class='ocrx_word' id='word_1_141' title='bbox 523 2122 727 2204; x_wconf 79' lang='lat' dir='ltr'>navigatione</span> <span class='ocrx_word' id='word_1_142' title='bbox 744 2115 936 2181; x_wconf 80' lang='lat' dir='ltr'>Graecorum</span> <span class='ocrx_word' id='word_1_143' title='bbox 946 2123 1080 2203; x_wconf 76' lang='lat' dir='ltr'>vinoque</span> <span class='ocrx_word' id='word_1_144' title='bbox 1094 2113 1237 2185; x_wconf 81' lang='grc' dir='ltr'><strong><em>δι’όωιδο.</em></strong></span> 
     </span>
    </p>
   </div>
   <div class='ocr_carea' id='block_1_5' title="bbox 575 2270 741 2356">
    <p class='ocr_par' dir='ltr' id='par_1_6' title="bbox 575 2270 741 2356">
     <span class='ocr_line' id='line_1_19' title="bbox 575 2270 741 2356; baseline -0.024 1"><span class='ocrx_word' id='word_1_145' title='bbox 575 2323 577 2330; x_wconf 48' lang='lat'>1</span> <span class='ocrx_word' id='word_1_146' title='bbox 659 2270 741 2356; x_wconf 92' lang='lat' dir='ltr'>IV.</span> 
     </span>
    </p>
   </div>
   <div class='ocr_carea' id='block_1_6' title="bbox 121 2413 1285 3014">
    <p class='ocr_par' dir='ltr' id='par_1_7' title="bbox 121 2413 1284 3014">
     <span class='ocr_line' id='line_1_20' title="bbox 206 2413 1281 2508; baseline 0.005 -28"><span class='ocrx_word' id='word_1_147' title='bbox 206 2415 292 2480; x_wconf 85' lang='lat' dir='ltr'>Satis</span> <span class='ocrx_word' id='word_1_148' title='bbox 310 2435 408 2502; x_wconf 89' lang='lat' dir='ltr'>purus</span> <span class='ocrx_word' id='word_1_149' title='bbox 428 2426 460 2479; x_wconf 87' lang='lat' dir='ltr'>et</span> <span class='ocrx_word' id='word_1_150' title='bbox 476 2417 600 2500; x_wconf 84' lang='lat' dir='ltr'>integer</span> <span class='ocrx_word' id='word_1_151' title='bbox 621 2414 661 2478; x_wconf 89' lang='lat' dir='ltr'>ad</span> <span class='ocrx_word' id='word_1_152' title='bbox 685 2428 793 2480; x_wconf 90' lang='lat' dir='ltr'>nostra</span> <span class='ocrx_word' id='word_1_153' title='bbox 814 2429 957 2502; x_wconf 84' lang='lat' dir='ltr'>tempora</span> <span class='ocrx_word' id='word_1_154' title='bbox 970 2413 1109 2480; x_wconf 72' lang='grc' dir='ltr'><strong><em>Ειιιίσοί</em></strong></span> <span class='ocrx_word' id='word_1_155' title='bbox 1123 2417 1281 2508; x_wconf 80' lang='lat' dir='ltr'>dialogus,</span> 
     </span>
     <span class='ocr_line' id='line_1_21' title="bbox 121 2510 1283 2609; baseline 0.006 -28"><span class='ocrx_word' id='word_1_156' title='bbox 121 2517 175 2608; x_wconf 91' lang='lat' dir='ltr'>qni</span> <span class='ocrx_word' id='word_1_157' title='bbox 195 2515 375 2582; x_wconf 88' lang='lat' dir='ltr'>inscribitur</span> <span class='ocrx_word' id='word_1_158' title='bbox 397 2510 545 2607; x_wconf 87' lang='grc' dir='ltr'><strong><em>Τίμων,</em></strong></span> <span class='ocrx_word' id='word_1_159' title='bbox 573 2519 727 2602; x_wconf 90' lang='lat' dir='ltr'>pervenit.</span> <span class='ocrx_word' id='word_1_160' title='bbox 770 2516 851 2584; x_wconf 86' lang='lat' dir='ltr'>Sunt</span> <span class='ocrx_word' id='word_1_161' title='bbox 869 2531 974 2585; x_wconf 85' lang='lat' dir='ltr'>tamen</span> <span class='ocrx_word' id='word_1_162' title='bbox 994 2520 1169 2586; x_wconf 85' lang='lat' dir='ltr'>inveterata</span> <span class='ocrx_word' id='word_1_163' title='bbox 1185 2544 1283 2609; x_wconf 52' lang='lat' dir='ltr'>quaeq</span> 
     </span>
     <span class='ocr_line' id='line_1_22' title="bbox 121 2615 1282 2714; baseline 0.003 -29"><span class='ocrx_word' id='word_1_164' title='bbox 121 2623 197 2685; x_wconf 88' lang='lat' dir='ltr'>dam</span> <span class='ocrx_word' id='word_1_165' title='bbox 212 2621 310 2714; x_wconf 43' lang='lat' dir='ltr'>vitiag</span> <span class='ocrx_word' id='word_1_166' title='bbox 329 2640 410 2705; x_wconf 88' lang='lat' dir='ltr'>quae</span> <span class='ocrx_word' id='word_1_167' title='bbox 433 2615 545 2683; x_wconf 84' lang='lat' dir='ltr'>relicta</span> <span class='ocrx_word' id='word_1_168' title='bbox 561 2640 633 2683; x_wconf 84' lang='lat' dir='ltr'>esse</span> <span class='ocrx_word' id='word_1_169' title='bbox 648 2641 668 2682; x_wconf 86' lang='lat' dir='ltr'>a</span> <span class='ocrx_word' id='word_1_170' title='bbox 686 2622 804 2684; x_wconf 86' lang='lat' dir='ltr'>criticis</span> <span class='ocrx_word' id='word_1_171' title='bbox 819 2642 916 2706; x_wconf 83' lang='lat' dir='ltr'>aegre</span> <span class='ocrx_word' id='word_1_172' title='bbox 931 2621 1017 2701; x_wconf 91' lang='lat' dir='ltr'>fero,</span> <span class='ocrx_word' id='word_1_173' title='bbox 1039 2633 1073 2685; x_wconf 89' lang='lat' dir='ltr'>ut</span> <span class='ocrx_word' id='word_1_174' title='bbox 1088 2625 1116 2702; x_wconf 66' lang='grc'><strong>1.</strong></span> <span class='ocrx_word' id='word_1_175' title='bbox 1133 2626 1182 2686; x_wconf 88' lang='grc'>14.</span> <span class='ocrx_word' id='word_1_176' title='bbox 1200 2645 1282 2710; x_wconf 86' lang='lat' dir='ltr'>quae</span> 
     </span>
     <span class='ocr_line' id='line_1_23' title="bbox 121 2717 1284 2840; baseline 0.005 -53"><span class='ocrx_word' id='word_1_177' title='bbox 121 2723 270 2808; x_wconf 90' lang='lat' dir='ltr'>leguntur</span> <span class='ocrx_word' id='word_1_178' title='bbox 293 2721 400 2786; x_wconf 88' lang='lat' dir='ltr'>mendi</span> <span class='ocrx_word' id='word_1_179' title='bbox 428 2743 492 2784; x_wconf 89' lang='lat' dir='ltr'>uon</span> <span class='ocrx_word' id='word_1_180' title='bbox 519 2721 664 2784; x_wconf 84' lang='lat' dir='ltr'>videntur</span> <span class='ocrx_word' id='word_1_181' title='bbox 692 2724 854 2840; x_wconf 85' lang='lat' dir='ltr'>expertia:</span> <span class='ocrx_word' id='word_1_182' title='bbox 891 2717 949 2786; x_wconf 84' lang='grc' dir='ltr'>καὶ</span> <span class='ocrx_word' id='word_1_183' title='bbox 983 2721 1123 2810; x_wconf 82' lang='grc' dir='ltr'><strong><em>προσέτι</em></strong></span> <span class='ocrx_word' id='word_1_184' title='bbox 1155 2745 1192 2810; x_wconf 76' lang='grc' dir='ltr'>γε</span> <span class='ocrx_word' id='word_1_185' title='bbox 1225 2722 1284 2794; x_wconf 82' lang='grc' dir='ltr'><strong><em>καί</em></strong></span> 
     </span>
     <span class='ocr_line' id='line_1_24' title="bbox 122 2814 1285 2909; baseline 0.004 -20"><span class='ocrx_word' id='word_1_186' title='bbox 122 2817 301 2909; x_wconf 77' lang='grc' dir='ltr'><strong><em>κατεγέλας</em></strong></span> <span class='ocrx_word' id='word_1_187' title='bbox 326 2814 435 2887; x_wconf 78' lang='grc' dir='ltr'><strong><em>αὐτῶν</em></strong></span> <span class='ocrx_word' id='word_1_188' title='bbox 460 2817 666 2909; x_wconf 81' lang='grc' dir='ltr'><strong><em>φειδομένων</em></strong></span> <span class='ocrx_word' id='word_1_189' title='bbox 693 2817 750 2886; x_wconf 80' lang='grc' dir='ltr'>καὶ</span> <span class='ocrx_word' id='word_1_190' title='bbox 777 2817 1008 2909; x_wconf 84' lang='grc' dir='ltr'><strong><em>φυλαττόντων</em></strong></span> <span class='ocrx_word' id='word_1_191' title='bbox 1035 2817 1092 2887; x_wconf 83' lang='grc' dir='ltr'>καὶ</span> <span class='ocrx_word' id='word_1_192' title='bbox 1110 2819 1149 2889; x_wconf 88' lang='grc' dir='ltr'>τδ</span> <span class='ocrx_word' id='word_1_193' title='bbox 1169 2823 1285 2892; x_wconf 87' lang='grc' dir='ltr'><strong><em>καινό-</em></strong></span> 
     </span>
     <span class='ocr_line' id='line_1_25' title="bbox 123 2913 1284 3014; baseline 0.003 -24"><span class='ocrx_word' id='word_1_194' title='bbox 123 2946 223 2990; x_wconf 87' lang='grc' dir='ltr'><strong><em>τατον</em></strong></span> <span class='ocrx_word' id='word_1_195' title='bbox 247 2916 368 2998; x_wconf 80' lang='grc' dir='ltr'><strong><em>αότούς</em></strong></span> <span class='ocrx_word' id='word_1_196' title='bbox 393 2917 674 3009; x_wconf 84' lang='grc' dir='ltr'><strong><em>ζηλοτυπούντων,</em></strong></span> <span class='ocrx_word' id='word_1_197' title='bbox 717 2913 922 3007; x_wconf 77' lang='grc' dir='ltr'><strong><em>ἀγνοούντων</em></strong></span> <span class='ocrx_word' id='word_1_198' title='bbox 950 2914 1046 2988; x_wconf 75' lang='lat' dir='ltr'>dd‘</span> <span class='ocrx_word' id='word_1_199' title='bbox 1020 2945 1066 3000; x_wconf 91' lang='grc' dir='ltr'><strong><em>ως</em></strong></span> <span class='ocrx_word' id='word_1_200' title='bbox 1097 2922 1284 3014; x_wconf 83' lang='grc' dir='ltr'><strong><em>κατάρατος</em></strong></span> 
     </span>
    </p>
   </div>
   <div class='ocr_carea' id='block_1_7' title="bbox 124 3011 1299 3214">
    <p class='ocr_par' dir='ltr' id='par_1_8' title="bbox 124 3011 1299 3214">
     <span class='ocr_line' id='line_1_26' title="bbox 124 3011 1284 3116; baseline 0.001 -25"><span class='ocrx_word' id='word_1_201' title='bbox 124 3021 254 3113; x_wconf 78' lang='grc' dir='ltr'><strong><em>οἰκέτης</em></strong></span> <span class='ocrx_word' id='word_1_202' title='bbox 279 3049 299 3112; x_wconf 88' lang='grc' dir='ltr'><strong><em>η</em></strong></span> <span class='ocrx_word' id='word_1_203' title='bbox 331 3014 507 3106; x_wconf 85' lang='grc' dir='ltr'><strong><em>οἰκονόμος</em></strong></span> <span class='ocrx_word' id='word_1_204' title='bbox 533 3011 584 3110; x_wconf 79' lang='grc' dir='ltr'>ἰη</span> <span class='ocrx_word' id='word_1_205' title='bbox 582 3019 822 3109; x_wconf 84' lang='grc' dir='ltr'><strong><em>παιδότριψ</em></strong></span> <span class='ocrx_word' id='word_1_206' title='bbox 846 3015 1008 3089; x_wconf 80' lang='grc' dir='ltr'><strong><em>ὑπεισιιδν</em></strong></span> <span class='ocrx_word' id='word_1_207' title='bbox 1028 3019 1204 3116; x_wconf 71' lang='grc' dir='ltr'><strong><em>λαθραίως</em></strong></span> <span class='ocrx_word' id='word_1_208' title='bbox 1223 3024 1284 3110; x_wconf 80' lang='grc' dir='ltr'><strong><em>έμ-</em></strong></span> 
     </span>
     <span class='ocr_line' id='line_1_27' title="bbox 124 3116 1299 3214; baseline 0 -23"><span class='ocrx_word' id='word_1_209' title='bbox 124 3147 269 3214; x_wconf 86' lang='grc' dir='ltr'><strong><em>παροινη</em></strong></span> <span class='ocrx_word' id='word_1_210' title='bbox 259 3119 333 3210; x_wconf 89' lang='grc' dir='ltr'><strong><em>’.σει</em></strong></span> <span class='ocrx_word' id='word_1_211' title='bbox 377 3118 473 3196; x_wconf 80' lang='lat' dir='ltr'>Quod</span> <span class='ocrx_word' id='word_1_212' title='bbox 495 3125 579 3186; x_wconf 88' lang='lat' dir='ltr'>enim</span> <span class='ocrx_word' id='word_1_213' title='bbox 598 3121 859 3186; x_wconf 86' lang='lat' dir='ltr'>Hemsterhusius</span> <span class='ocrx_word' id='word_1_214' title='bbox 882 3116 1086 3212; x_wconf 76' lang='grc' dir='ltr'><strong><em>παιδότριβα</em></strong></span> <span class='ocrx_word' id='word_1_215' title='bbox 1099 3122 1198 3189; x_wconf 81' lang='lat' dir='ltr'>voluit</span> <span class='ocrx_word' id='word_1_216' title='bbox 1211 3145 1299 3191; x_wconf 81' lang='lat' dir='ltr'>esse·</span> 
     </span>
    </p>
   </div>
   <div class='ocr_carea' id='block_1_8' title="bbox 88 3221 1380 4427">
    <p class='ocr_par' dir='ltr' id='par_1_9' title="bbox 88 3221 1380 4427">
     <span class='ocr_line' id='line_1_28' title="bbox 123 3221 1285 3310; baseline 0 -20"><span class='ocrx_word' id='word_1_217' title='bbox 123 3227 158 3290; x_wconf 93' lang='lat' dir='ltr'>in</span> <span class='ocrx_word' id='word_1_218' title='bbox 173 3224 297 3290; x_wconf 87' lang='lat' dir='ltr'>familia</span> <span class='ocrx_word' id='word_1_219' title='bbox 309 3221 486 3304; x_wconf 86' lang='lat' dir='ltr'>servulum,</span> <span class='ocrx_word' id='word_1_220' title='bbox 513 3227 568 3310; x_wconf 88' lang='lat' dir='ltr'>qui</span> <span class='ocrx_word' id='word_1_221' title='bbox 588 3246 694 3290; x_wconf 89' lang='lat' dir='ltr'>curam</span> <span class='ocrx_word' id='word_1_222' title='bbox 715 3221 832 3288; x_wconf 87' lang='lat' dir='ltr'>habeat</span> <span class='ocrx_word' id='word_1_223' title='bbox 845 3243 1031 3308; x_wconf 89' lang='lat' dir='ltr'>puerorum,</span> <span class='ocrx_word' id='word_1_224' title='bbox 1052 3224 1084 3288; x_wconf 90' lang='lat' dir='ltr'>in</span> <span class='ocrx_word' id='word_1_225' title='bbox 1098 3244 1200 3310; x_wconf 89' lang='lat' dir='ltr'>eoque</span> <span class='ocrx_word' id='word_1_226' title='bbox 1215 3247 1285 3290; x_wconf 83' lang='lat' dir='ltr'>rnu-</span> 
     </span>
     <span class='ocr_line' id='line_1_29' title="bbox 126 3323 1285 3412; baseline 0.003 -23"><span class='ocrx_word' id='word_1_227' title='bbox 126 3349 201 3391; x_wconf 90' lang='lat' dir='ltr'>nere</span> <span class='ocrx_word' id='word_1_228' title='bbox 218 3344 348 3412; x_wconf 87' lang='lat' dir='ltr'>operam</span> <span class='ocrx_word' id='word_1_229' title='bbox 363 3331 523 3406; x_wconf 85' lang='lat' dir='ltr'>conterat,</span> <span class='ocrx_word' id='word_1_230' title='bbox 544 3326 578 3390; x_wconf 91' lang='lat' dir='ltr'>id</span> <span class='ocrx_word' id='word_1_231' title='bbox 593 3347 656 3390; x_wconf 91' lang='lat' dir='ltr'>non</span> <span class='ocrx_word' id='word_1_232' title='bbox 672 3345 801 3412; x_wconf 89' lang='lat' dir='ltr'>possum</span> <span class='ocrx_word' id='word_1_233' title='bbox 820 3323 942 3390; x_wconf 86' lang='lat' dir='ltr'>calculo</span> <span class='ocrx_word' id='word_1_234' title='bbox 962 3323 1188 3409; x_wconf 87' lang='lat' dir='ltr'>comprobare,</span> <span class='ocrx_word' id='word_1_235' title='bbox 1209 3349 1285 3393; x_wconf 87' lang='lat' dir='ltr'>aua·</span> 
     </span>
     <span class='ocr_line' id='line_1_30' title="bbox 88 3418 1284 3516; baseline 0.005 -26"><span class='ocrx_word' id='word_1_236' title='bbox 88 3503 91 3508; x_wconf 27' lang='lat'>¹</span> <span class='ocrx_word' id='word_1_237' title='bbox 126 3426 245 3510; x_wconf 86' lang='lat' dir='ltr'>logiam</span> <span class='ocrx_word' id='word_1_238' title='bbox 273 3425 499 3491; x_wconf 88' lang='lat' dir='ltr'>vocabulorum</span> <span class='ocrx_word' id='word_1_239' title='bbox 528 3420 700 3516; x_wconf 82' lang='grc' dir='ltr'><strong><em>οἰκότριψ,</em></strong></span> <span class='ocrx_word' id='word_1_240' title='bbox 736 3418 903 3516; x_wconf 81' lang='grc' dir='ltr'><strong><em>ἆστότριψ</em></strong></span> <span class='ocrx_word' id='word_1_241' title='bbox 930 3427 977 3510; x_wconf 84' lang='grc' dir='ltr'>(τ.</span> <span class='ocrx_word' id='word_1_242' title='bbox 1006 3423 1105 3491; x_wconf 85' lang='lat' dir='ltr'>Bach.</span> <span class='ocrx_word' id='word_1_243' title='bbox 1132 3428 1174 3492; x_wconf 91' lang='lat' dir='ltr'>ad</span> <span class='ocrx_word' id='word_1_244' title='bbox 1206 3427 1284 3496; x_wconf 87' lang='lat' dir='ltr'>Crit.</span> 
     </span>
     <span class='ocr_line' id='line_1_31' title="bbox 126 3525 1284 3614; baseline 0.003 -20"><span class='ocrx_word' id='word_1_245' title='bbox 126 3529 239 3614; x_wconf 85' lang='lat' dir='ltr'>fragm.</span> <span class='ocrx_word' id='word_1_246' title='bbox 258 3547 290 3612; x_wconf 89' lang='lat' dir='ltr'>p.</span> <span class='ocrx_word' id='word_1_247' title='bbox 307 3529 389 3614; x_wconf 82' lang='lat'><strong>118)</strong></span> <span class='ocrx_word' id='word_1_248' title='bbox 411 3534 571 3611; x_wconf 88' lang='lat' dir='ltr'>reputans.</span> <span class='ocrx_word' id='word_1_249' title='bbox 615 3527 680 3592; x_wconf 86' lang='lat' dir='ltr'>Sed</span> <span class='ocrx_word' id='word_1_250' title='bbox 701 3525 797 3592; x_wconf 86' lang='lat' dir='ltr'>facile</span> <span class='ocrx_word' id='word_1_251' title='bbox 819 3550 917 3614; x_wconf 92' lang='lat' dir='ltr'>opera</span> <span class='ocrx_word' id='word_1_252' title='bbox 934 3526 1058 3592; x_wconf 87' lang='lat' dir='ltr'>macula</span> <span class='ocrx_word' id='word_1_253' title='bbox 1075 3533 1192 3614; x_wconf 86' lang='lat' dir='ltr'>poterit</span> <span class='ocrx_word' id='word_1_254' title='bbox 1210 3531 1284 3598; x_wconf 90' lang='lat' dir='ltr'>elui.</span> 
     </span>
     <span class='ocr_line' id='line_1_32' title="bbox 127 3619 1333 3723; baseline 0.001 -26"><span class='ocrx_word' id='word_1_255' title='bbox 127 3632 194 3697; x_wconf 87' lang='lat' dir='ltr'>Aut</span> <span class='ocrx_word' id='word_1_256' title='bbox 211 3630 293 3693; x_wconf 81' lang='lat' dir='ltr'>enirn</span> <span class='ocrx_word' id='word_1_257' title='bbox 310 3631 438 3716; x_wconf 89' lang='lat' dir='ltr'>egregie</span> <span class='ocrx_word' id='word_1_258' title='bbox 455 3627 550 3694; x_wconf 89' lang='lat' dir='ltr'>fallor</span> <span class='ocrx_word' id='word_1_259' title='bbox 563 3641 616 3692; x_wconf 87' lang='lat' dir='ltr'>aut</span> <span class='ocrx_word' id='word_1_260' title='bbox 636 3628 836 3695; x_wconf 84' lang='lat' dir='ltr'>scribendum</span> <span class='ocrx_word' id='word_1_261' title='bbox 855 3642 920 3694; x_wconf 87' lang='lat' dir='ltr'>est:</span> <span class='ocrx_word' id='word_1_262' title='bbox 950 3619 1178 3723; x_wconf 78' lang='grc' dir='ltr'><strong><em>πεδότριψ.</em></strong></span> <span class='ocrx_word' id='word_1_263' title='bbox 1220 3629 1287 3698; x_wconf 89' lang='lat' dir='ltr'>Lu·</span> <span class='ocrx_word' id='word_1_264' title='bbox 1325 3665 1333 3683; x_wconf 68' lang='lat'>.-</span> 
     </span>
     <span class='ocr_line' id='line_1_33' title="bbox 128 3721 1380 3826; baseline 0.001 -28"><span class='ocrx_word' id='word_1_265' title='bbox 128 3736 210 3799; x_wconf 88' lang='lat' dir='ltr'>cian.</span> <span class='ocrx_word' id='word_1_266' title='bbox 231 3729 356 3797; x_wconf 79' lang='lat' dir='ltr'>satum.</span> <span class='ocrx_word' id='word_1_267' title='bbox 377 3737 406 3812; x_wconf 65' lang='lat'>5.</span> <span class='ocrx_word' id='word_1_268' title='bbox 424 3738 454 3797; x_wconf 90' lang='grc'>8.</span> <span class='ocrx_word' id='word_1_269' title='bbox 497 3725 561 3816; x_wconf 81' lang='grc' dir='ltr'><strong><em>έμδ</em></strong></span> <span class='ocrx_word' id='word_1_270' title='bbox 590 3721 699 3811; x_wconf 82' lang='grc' dir='ltr'>δὲ,</span> <span class='ocrx_word' id='word_1_271' title='bbox 673 3757 699 3797; x_wconf 93' lang='grc' dir='ltr'><strong><em>ω</em></strong></span> <span class='ocrx_word' id='word_1_272' title='bbox 726 3730 851 3821; x_wconf 80' lang='grc' dir='ltr'><strong><em>Κρόνε,</em></strong></span> <span class='ocrx_word' id='word_1_273' title='bbox 889 3727 1062 3798; x_wconf 80' lang='grc' dir='ltr'><strong><em>καὶτοῦτο</em></strong></span> <span class='ocrx_word' id='word_1_274' title='bbox 1085 3725 1286 3814; x_wconf 82' lang='grc' dir='ltr'><strong><em>εἰκαζονέις</em></strong></span> <span class='ocrx_word' id='word_1_275' title='bbox 1369 3808 1380 3826; x_wconf 76' lang='lat'>.</span> 
     </span>
     <span class='ocr_line' id='line_1_34' title="bbox 129 3823 1286 3957; baseline 0.003 -59"><span class='ocrx_word' id='word_1_276' title='bbox 129 3831 206 3911; x_wconf 84' lang='grc' dir='ltr'><strong><em>τούς</em></strong></span> <span class='ocrx_word' id='word_1_277' title='bbox 235 3823 374 3908; x_wconf 82' lang='grc' dir='ltr'><strong><em>δούλους</em></strong></span> <span class='ocrx_word' id='word_1_278' title='bbox 401 3829 458 3898; x_wconf 80' lang='grc' dir='ltr'>καὶ</span> <span class='ocrx_word' id='word_1_279' title='bbox 484 3831 748 3924; x_wconf 76' lang='grc' dir='ltr'><strong><em>πεδότριβας</em></strong></span> <span class='ocrx_word' id='word_1_280' title='bbox 772 3828 1054 3922; x_wconf 74' lang='grc' dir='ltr'><strong><em>φιλάνθρωπον</em></strong></span> <span class='ocrx_word' id='word_1_281' title='bbox 1037 3857 1074 3898; x_wconf 83' lang='grc' dir='ltr'>εκ</span> <span class='ocrx_word' id='word_1_282' title='bbox 1093 3855 1152 3898; x_wconf 91' lang='grc' dir='ltr'>του</span> <span class='ocrx_word' id='word_1_283' title='bbox 1137 3831 1286 3957; x_wconf 69' lang='grc' dir='ltr'><strong><em>μύθου</em></strong></span> 
     </span>
     <span class='ocr_line' id='line_1_35' title="bbox 130 3927 1287 4019; baseline -0.001 -18"><span class='ocrx_word' id='word_1_284' title='bbox 130 3929 256 4001; x_wconf 78' lang='grc' dir='ltr'><strong><em>ἐκεινου</em></strong></span> <span class='ocrx_word' id='word_1_285' title='bbox 277 3933 388 3998; x_wconf 86' lang='grc' dir='ltr'><strong><em>ποιεῖν</em></strong></span> <span class='ocrx_word' id='word_1_286' title='bbox 407 3954 457 4013; x_wconf 87' lang='grc' dir='ltr'>σε,</span> <span class='ocrx_word' id='word_1_287' title='bbox 479 3936 625 4019; x_wconf 79' lang='grc' dir='ltr'><strong><em>τιμῶντα</em></strong></span> <span class='ocrx_word' id='word_1_288' title='bbox 644 3957 723 4013; x_wconf 90' lang='grc' dir='ltr'><strong><em>τους</em></strong></span> <span class='ocrx_word' id='word_1_289' title='bbox 742 3929 784 3999; x_wconf 79' lang='grc' dir='ltr'>τὰ</span> <span class='ocrx_word' id='word_1_290' title='bbox 804 3928 906 4015; x_wconf 81' lang='grc' dir='ltr'><strong><em>ὅμοια</em></strong></span> <span class='ocrx_word' id='word_1_291' title='bbox 925 3931 1127 4014; x_wconf 85' lang='grc' dir='ltr'><strong><em>πάσχοντας,</em></strong></span> <span class='ocrx_word' id='word_1_292' title='bbox 1150 3927 1209 3998; x_wconf 79' lang='grc' dir='ltr'>ἅτε</span> <span class='ocrx_word' id='word_1_293' title='bbox 1229 3932 1287 4001; x_wconf 83' lang='grc' dir='ltr'>καὶ</span> 
     </span>
     <span class='ocr_line' id='line_1_36' title="bbox 131 4027 1285 4124; baseline -0.001 -24"><span class='ocrx_word' id='word_1_294' title='bbox 131 4027 232 4100; x_wconf 79' lang='grc' dir='ltr'><strong><em>αὐτὸν</em></strong></span> <span class='ocrx_word' id='word_1_295' title='bbox 256 4027 454 4098; x_wconf 72' lang='lat' dir='ltr'>devictione</span> <span class='ocrx_word' id='word_1_296' title='bbox 482 4035 688 4124; x_wconf 77' lang='grc' dir='ltr'><strong><em>μεμνημένον</em></strong></span> <span class='ocrx_word' id='word_1_297' title='bbox 713 4035 773 4122; x_wconf 83' lang='grc' dir='ltr'><strong><em>τῆς</em></strong></span> <span class='ocrx_word' id='word_1_298' title='bbox 798 4032 912 4122; x_wconf 88' lang='grc' dir='ltr'><strong><em>πέδης.</em></strong></span> <span class='ocrx_word' id='word_1_299' title='bbox 951 4033 1085 4098; x_wconf 84' lang='lat' dir='ltr'>Photius</span> <span class='ocrx_word' id='word_1_300' title='bbox 1107 4056 1140 4119; x_wconf 87' lang='lat' dir='ltr'>p.</span> <span class='ocrx_word' id='word_1_301' title='bbox 1161 4039 1238 4112; x_wconf 88' lang='grc'><strong><em>404,</em></strong></span> <span class='ocrx_word' id='word_1_302' title='bbox 1255 4039 1285 4099; x_wconf 88' lang='grc'>6.</span> 
     </span>
     <span class='ocr_line' id='line_1_37' title="bbox 131 4125 1288 4225; baseline -0.002 -24"><span class='ocrx_word' id='word_1_303' title='bbox 131 4133 363 4223; x_wconf 76' lang='grc' dir='ltr'><strong><em>πεδότριψτ</em></strong></span> <span class='ocrx_word' id='word_1_304' title='bbox 387 4125 405 4198; x_wconf 88' lang='grc' dir='ltr'><strong><em>δ</em></strong></span> <span class='ocrx_word' id='word_1_305' title='bbox 426 4135 573 4216; x_wconf 78' lang='grc' dir='ltr'><strong><em>πολλοὺς</em></strong></span> <span class='ocrx_word' id='word_1_306' title='bbox 590 4134 729 4225; x_wconf 85' lang='grc' dir='ltr'><strong><em>χρόνους</em></strong></span> <span class='ocrx_word' id='word_1_307' title='bbox 748 4133 785 4202; x_wconf 84' lang='grc' dir='ltr'><strong><em>έν</em></strong></span> <span class='ocrx_word' id='word_1_308' title='bbox 802 4133 924 4214; x_wconf 84' lang='grc' dir='ltr'><strong><em>πέδαις</em></strong></span> <span class='ocrx_word' id='word_1_309' title='bbox 941 4131 1082 4222; x_wconf 73' lang='grc' dir='ltr'><strong><em>γεγονώς</em></strong></span> <span class='ocrx_word' id='word_1_310' title='bbox 1098 4157 1156 4200; x_wconf 91' lang='grc' dir='ltr'>και</span> <span class='ocrx_word' id='word_1_311' title='bbox 1147 4130 1288 4205; x_wconf 86' lang='grc' dir='ltr'><strong><em>πέδων</em></strong></span> 
     </span>
     <span class='ocr_line' id='line_1_38' title="bbox 131 4225 1288 4323; baseline -0.003 -20"><span class='ocrx_word' id='word_1_312' title='bbox 131 4229 150 4303; x_wconf 88' lang='grc' dir='ltr'><strong><em>δ</em></strong></span> <span class='ocrx_word' id='word_1_313' title='bbox 175 4229 274 4314; x_wconf 77' lang='grc' dir='ltr'><strong><em>αὐτὸς</em></strong></span> <span class='ocrx_word' id='word_1_314' title='bbox 294 4257 350 4302; x_wconf 90' lang='grc' dir='ltr'>και</span> <span class='ocrx_word' id='word_1_315' title='bbox 342 4225 547 4322; x_wconf 78' lang='grc' dir='ltr'><strong><em>όψιπέδωυ</em></strong></span> <span class='ocrx_word' id='word_1_316' title='bbox 567 4238 635 4322; x_wconf 89' lang='lat' dir='ltr'>(cll.</span> <span class='ocrx_word' id='word_1_317' title='bbox 650 4260 687 4322; x_wconf 94' lang='lat' dir='ltr'>p.</span> <span class='ocrx_word' id='word_1_318' title='bbox 697 4241 771 4318; x_wconf 85' lang='grc'>367,</span> <span class='ocrx_word' id='word_1_319' title='bbox 787 4237 839 4323; x_wconf 83' lang='lat' dir='ltr'>t..)</span> <span class='ocrx_word' id='word_1_320' title='bbox 883 4235 1005 4304; x_wconf 82' lang='lat' dir='ltr'>Similis</span> <span class='ocrx_word' id='word_1_321' title='bbox 1018 4237 1139 4302; x_wconf 82' lang='lat' dir='ltr'>farinae</span> <span class='ocrx_word' id='word_1_322' title='bbox 1154 4257 1222 4304; x_wconf 77' lang='lat' dir='ltr'>voc.</span> <span class='ocrx_word' id='word_1_323' title='bbox 1240 4247 1288 4300; x_wconf 86' lang='lat' dir='ltr'>est</span> 
     </span>
     <span class='ocr_line' id='line_1_39' title="bbox 131 4334 751 4427; baseline 0.002 -25"><span class='ocrx_word' id='word_1_324' title='bbox 131 4334 296 4427; x_wconf 79' lang='grc' dir='ltr'><strong><em>τριπόδων</em></strong></span> <span class='ocrx_word' id='word_1_325' title='bbox 315 4359 365 4426; x_wconf 88' lang='lat' dir='ltr'>ap.</span> <span class='ocrx_word' id='word_1_326' title='bbox 356 4337 522 4405; x_wconf 74' lang='lat' dir='ltr'>‚Eustatlu</span> <span class='ocrx_word' id='word_1_327' title='bbox 539 4337 576 4406; x_wconf 85' lang='lat' dir='ltr'>ll.</span> <span class='ocrx_word' id='word_1_328' title='bbox 588 4344 619 4405; x_wconf 92' lang='lat'>8.</span> <span class='ocrx_word' id='word_1_329' title='bbox 633 4362 665 4425; x_wconf 94' lang='lat' dir='ltr'>p.</span> <span class='ocrx_word' id='word_1_330' title='bbox 681 4343 751 4404; x_wconf 88' lang='grc'><strong>116.</strong></span> 
     </span>
    </p>
   </div>
   <div class='ocr_carea' id='block_1_9' title="bbox 0 0 1550 4986">
    <p class='ocr_par' dir='ltr' id='par_1_10' title="bbox 0 0 1550 4986">
     <span class='ocr_line' id='line_1_40' title="bbox 0 0 1550 4986; baseline 0 0"><span class='ocrx_word' id='word_1_331' title='bbox 0 0 1550 4986; x_wconf 95' lang='lat' dir='ltr'> </span> 
     </span>
    </p>
   </div>
  </div>
 </body>
</html>
