<?xml version="1.0" encoding="UTF-8"?>
<!DOCTYPE html PUBLIC "-//W3C//DTD XHTML 1.0 Transitional//EN"
    "http://www.w3.org/TR/xhtml1/DTD/xhtml1-transitional.dtd">
<html xmlns="http://www.w3.org/1999/xhtml" xml:lang="en" lang="en">
 <head>
  <title>
</title>
<meta http-equiv="Content-Type" content="text/html;charset=utf-8" />
  <meta name='ocr-system' content='tesseract 3.04.00' />
  <meta name='ocr-capabilities' content='ocr_page ocr_carea ocr_par ocr_line ocrx_word'/>
</head>
<body>
  <div class='ocr_page' id='page_1' title='image "actasocietatisg00funkgoog_0172.png"; bbox 0 0 3026 4992; ppageno 0'>
   <div class='ocr_carea' id='block_1_1' title="bbox 627 131 1035 298">
    <p class='ocr_par' dir='ltr' id='par_1_1' title="bbox 627 131 1035 298">
     <span class='ocr_line' id='line_1_1' title="bbox 627 131 1035 298; baseline 0.022 -8"><span class='ocrx_word' id='word_1_1' title='bbox 627 261 687 290; x_wconf 55' lang='lat' dir='ltr'>-r-</span> <span class='ocrx_word' id='word_1_2' title='bbox 747 213 841 298; x_wconf 69' lang='lat'>166*</span> <span class='ocrx_word' id='word_1_3' title='bbox 886 262 960 288; x_wconf 54' lang='grc' dir='ltr'>ψ.</span> <span class='ocrx_word' id='word_1_4' title='bbox 1023 131 1035 162; x_wconf 86' lang='lat'>¹·</span> 
     </span>
    </p>
   </div>
   <div class='ocr_carea' id='block_1_2' title="bbox 213 374 1396 1202">
    <p class='ocr_par' dir='ltr' id='par_1_2' title="bbox 213 374 1396 1202">
     <span class='ocr_line' id='line_1_2' title="bbox 213 374 1387 480; baseline 0.003 -21"><span class='ocrx_word' id='word_1_5' title='bbox 213 416 284 460; x_wconf 82' lang='lat' dir='ltr'>nun</span> <span class='ocrx_word' id='word_1_6' title='bbox 307 374 463 478; x_wconf 76' lang='lat' dir='ltr'>primitiae</span> <span class='ocrx_word' id='word_1_7' title='bbox 478 396 539 460; x_wconf 86' lang='lat' dir='ltr'>viri</span> <span class='ocrx_word' id='word_1_8' title='bbox 557 392 669 458; x_wconf 86' lang='lat' dir='ltr'>barum</span> <span class='ocrx_word' id='word_1_9' title='bbox 696 415 808 478; x_wconf 80' lang='lat' dir='ltr'>rerum¹</span> <span class='ocrx_word' id='word_1_10' title='bbox 821 397 1015 480; x_wconf 77' lang='lat' dir='ltr'>periticcumi</span> <span class='ocrx_word' id='word_1_11' title='bbox 1039 395 1156 462; x_wconf 86' lang='lat' dir='ltr'>iudicio</span> <span class='ocrx_word' id='word_1_12' title='bbox 1177 395 1387 464; x_wconf 68' lang='lat' dir='ltr'>effluentem</span> 
     </span>
     <span class='ocr_line' id='line_1_3' title="bbox 217 509 1387 600; baseline 0.008 -27"><span class='ocrx_word' id='word_1_13' title='bbox 217 509 322 586; x_wconf 80' lang='lat' dir='ltr'>Quem</span> <span class='ocrx_word' id='word_1_14' title='bbox 346 519 454 581; x_wconf 88' lang='lat' dir='ltr'>autem</span> <span class='ocrx_word' id='word_1_15' title='bbox 481 509 579 576; x_wconf 88' lang='lat' dir='ltr'>finem</span> <span class='ocrx_word' id='word_1_16' title='bbox 598 515 631 577; x_wconf 88' lang='lat' dir='ltr'>in</span> <span class='ocrx_word' id='word_1_17' title='bbox 651 513 731 578; x_wconf 83' lang='lat' dir='ltr'>locie</span> <span class='ocrx_word' id='word_1_18' title='bbox 759 534 839 600; x_wconf 80' lang='lat' dir='ltr'>qnos</span> <span class='ocrx_word' id='word_1_19' title='bbox 868 521 1038 581; x_wconf 89' lang='lat' dir='ltr'>tractarem</span> <span class='ocrx_word' id='word_1_20' title='bbox 1063 515 1219 600; x_wconf 77' lang='lat' dir='ltr'><strong>eligendis</strong></span> <span class='ocrx_word' id='word_1_21' title='bbox 1241 518 1302 580; x_wconf 80' lang='lat' dir='ltr'>sim</span> <span class='ocrx_word' id='word_1_22' title='bbox 1326 537 1387 590; x_wconf 78' lang='lat' dir='ltr'>ea-,</span> 
     </span>
     <span class='ocr_line' id='line_1_4' title="bbox 216 605 1387 728; baseline 0.003 -34"><span class='ocrx_word' id='word_1_23' title='bbox 216 605 326 710; x_wconf 73' lang='lat' dir='ltr'>cuiue,</span> <span class='ocrx_word' id='word_1_24' title='bbox 346 633 455 717; x_wconf 73' lang='lat' dir='ltr'>paucis</span> <span class='ocrx_word' id='word_1_25' title='bbox 472 631 609 696; x_wconf 86' lang='lat' dir='ltr'>adiicere</span> <span class='ocrx_word' id='word_1_26' title='bbox 627 632 742 716; x_wconf 86' lang='lat' dir='ltr'>placet.</span> <span class='ocrx_word' id='word_1_27' title='bbox 784 631 851 696; x_wconf 79' lang='lat' dir='ltr'>an</span> <span class='ocrx_word' id='word_1_28' title='bbox 872 636 1007 718; x_wconf 90' lang='lat' dir='ltr'>primum</span> <span class='ocrx_word' id='word_1_29' title='bbox 1025 633 1137 698; x_wconf 82' lang='lat' dir='ltr'>afferre</span> <span class='ocrx_word' id='word_1_30' title='bbox 1152 635 1260 698; x_wconf 81' lang='lat' dir='ltr'>studui</span> <span class='ocrx_word' id='word_1_31' title='bbox 1277 632 1387 728; x_wconf 64' lang='lat' dir='ltr'>locos,¹</span> 
     </span>
     <span class='ocr_line' id='line_1_5' title="bbox 217 747 1382 836; baseline 0.003 -24"><span class='ocrx_word' id='word_1_32' title='bbox 217 747 330 834; x_wconf 82' lang='lat' dir='ltr'>quibus</span> <span class='ocrx_word' id='word_1_33' title='bbox 356 751 500 814; x_wconf 88' lang='lat' dir='ltr'>ecodice</span> <span class='ocrx_word' id='word_1_34' title='bbox 521 749 725 829; x_wconf 65' lang='lat' dir='ltr'>Mamaeum,</span> <span class='ocrx_word' id='word_1_35' title='bbox 755 747 1006 836; x_wconf 78' lang='lat' dir='ltr'>religiosissume</span> <span class='ocrx_word' id='word_1_36' title='bbox 1032 774 1123 818; x_wconf 87' lang='lat' dir='ltr'>arna</span> <span class='ocrx_word' id='word_1_37' title='bbox 1140 755 1296 832; x_wconf 80' lang='lat' dir='ltr'>excusso,</span> <span class='ocrx_word' id='word_1_38' title='bbox 1324 758 1382 816; x_wconf 91' lang='lat' dir='ltr'>aut</span> 
     </span>
     <span class='ocr_line' id='line_1_6' title="bbox 217 865 1382 956; baseline 0.003 -26"><span class='ocrx_word' id='word_1_39' title='bbox 217 865 325 952; x_wconf 83' lang='lat' dir='ltr'>alique</span> <span class='ocrx_word' id='word_1_40' title='bbox 345 889 428 933; x_wconf 89' lang='lat' dir='ltr'>nova</span> <span class='ocrx_word' id='word_1_41' title='bbox 449 868 575 934; x_wconf 90' lang='lat' dir='ltr'>medela</span> <span class='ocrx_word' id='word_1_42' title='bbox 602 867 764 948; x_wconf 77' lang='lat' dir='ltr'>adhiberi,</span> <span class='ocrx_word' id='word_1_43' title='bbox 795 876 852 932; x_wconf 90' lang='lat' dir='ltr'>aut</span> <span class='ocrx_word' id='word_1_44' title='bbox 878 868 1014 934; x_wconf 85' lang='lat' dir='ltr'>aliorum</span> <span class='ocrx_word' id='word_1_45' title='bbox 1036 869 1275 946; x_wconf 75' lang='lat' dir='ltr'>emendationes</span> <span class='ocrx_word' id='word_1_46' title='bbox 1305 877 1382 956; x_wconf 87' lang='lat' dir='ltr'>post</span> 
     </span>
     <span class='ocr_line' id='line_1_7' title="bbox 219 979 1391 1074; baseline 0.004 -26"><span class='ocrx_word' id='word_1_47' title='bbox 219 979 435 1064; x_wconf 84' lang='lat' dir='ltr'>Tyohseniom</span> <span class='ocrx_word' id='word_1_48' title='bbox 456 988 559 1052; x_wconf 83' lang='lat' dir='ltr'>factae</span> <span class='ocrx_word' id='word_1_49' title='bbox 580 985 760 1052; x_wconf 87' lang='lat' dir='ltr'>confirmari</span> <span class='ocrx_word' id='word_1_50' title='bbox 780 993 943 1074; x_wconf 81' lang='lat' dir='ltr'>poterant3</span> <span class='ocrx_word' id='word_1_51' title='bbox 963 988 1097 1052; x_wconf 88' lang='lat' dir='ltr'>adiunxi</span> <span class='ocrx_word' id='word_1_52' title='bbox 1115 1009 1172 1052; x_wconf 78' lang='lat' dir='ltr'>eoa</span> <span class='ocrx_word' id='word_1_53' title='bbox 1193 987 1294 1068; x_wconf 79' lang='lat' dir='ltr'>locos,</span> <span class='ocrx_word' id='word_1_54' title='bbox 1314 991 1391 1074; x_wconf 71' lang='lat' dir='ltr'>qui·¹</span> 
     </span>
     <span class='ocr_line' id='line_1_8' title="bbox 220 1097 1396 1202; baseline 0.006 -39"><span class='ocrx_word' id='word_1_55' title='bbox 220 1097 281 1166; x_wconf 84' lang='lat' dir='ltr'>bus</span> <span class='ocrx_word' id='word_1_56' title='bbox 300 1105 369 1187; x_wconf 80' lang='lat' dir='ltr'>ipae</span> <span class='ocrx_word' id='word_1_57' title='bbox 393 1106 512 1188; x_wconf 86' lang='lat' dir='ltr'>ingenii</span> <span class='ocrx_word' id='word_1_58' title='bbox 530 1107 792 1191; x_wconf 77' lang='lat' dir='ltr'>coniecturaeque</span> <span class='ocrx_word' id='word_1_59' title='bbox 820 1127 882 1192; x_wconf 92' lang='lat' dir='ltr'>ope</span> <span class='ocrx_word' id='word_1_60' title='bbox 906 1114 1023 1202; x_wconf 82' lang='lat' dir='ltr'>poetae</span> <span class='ocrx_word' id='word_1_61' title='bbox 1049 1109 1396 1180; x_wconf 76' lang='lat' dir='ltr'>manunircstituieaa</span> 
     </span>
    </p>
   </div>
   <div class='ocr_carea' id='block_1_3' title="bbox 222 1221 1503 1303">
    <p class='ocr_par' dir='ltr' id='par_1_3' title="bbox 222 1221 1503 1303">
     <span class='ocr_line' id='line_1_9' title="bbox 222 1221 1503 1303; baseline 0.006 -19"><span class='ocrx_word' id='word_1_62' title='bbox 222 1221 302 1286; x_wconf 90' lang='lat' dir='ltr'>mibi</span> <span class='ocrx_word' id='word_1_63' title='bbox 321 1221 468 1297; x_wconf 68' lang='lat' dir='ltr'>videbun</span> <span class='ocrx_word' id='word_1_64' title='bbox 488 1223 668 1298; x_wconf 79' lang='lat' dir='ltr'>omisit‘ere</span> <span class='ocrx_word' id='word_1_65' title='bbox 691 1245 766 1303; x_wconf 86' lang='lat' dir='ltr'>ece,</span> <span class='ocrx_word' id='word_1_66' title='bbox 785 1223 917 1291; x_wconf 88' lang='lat' dir='ltr'>ubiaut</span> <span class='ocrx_word' id='word_1_67' title='bbox 936 1225 992 1290; x_wconf 84' lang='lat' dir='ltr'>olii</span> <span class='ocrx_word' id='word_1_68' title='bbox 1011 1227 1076 1288; x_wconf 88' lang='lat' dir='ltr'>iam</span> <span class='ocrx_word' id='word_1_69' title='bbox 1096 1230 1205 1290; x_wconf 86' lang='lat' dir='ltr'>verum</span> <span class='ocrx_word' id='word_1_70' title='bbox 1224 1232 1406 1300; x_wconf 28' lang='lat' dir='ltr'>creatas-⁴„</span> <span class='ocrx_word' id='word_1_71' title='bbox 1502 1287 1503 1292; x_wconf 73' lang='grc'>,</span> 
     </span>
    </p>
   </div>
   <div class='ocr_carea' id='block_1_4' title="bbox 220 1341 1406 3554">
    <p class='ocr_par' dir='ltr' id='par_1_4' title="bbox 220 1341 1406 3554">
     <span class='ocr_line' id='line_1_10' title="bbox 224 1341 1384 1438; baseline 0.002 -34"><span class='ocrx_word' id='word_1_72' title='bbox 224 1342 342 1418; x_wconf 69' lang='lat' dir='ltr'>secuti,</span> <span class='ocrx_word' id='word_1_73' title='bbox 372 1349 428 1405; x_wconf 92' lang='lat' dir='ltr'>aut</span> <span class='ocrx_word' id='word_1_74' title='bbox 455 1345 656 1438; x_wconf 80' lang='lat' dir='ltr'>antiquarum</span> <span class='ocrx_word' id='word_1_75' title='bbox 684 1341 1055 1418; x_wconf 83' lang='lat' dir='ltr'>editionumlactiones¹</span> <span class='ocrx_word' id='word_1_76' title='bbox 1072 1345 1184 1428; x_wconf 89' lang='lat' dir='ltr'>reponi</span> <span class='ocrx_word' id='word_1_77' title='bbox 1213 1341 1384 1408; x_wconf 88' lang='lat' dir='ltr'>debebant.</span> 
     </span>
     <span class='ocr_line' id='line_1_11' title="bbox 221 1431 1383 1548; baseline 0.003 -27"><span class='ocrx_word' id='word_1_78' title='bbox 221 1455 293 1522; x_wconf 90' lang='lat' dir='ltr'>Hoc</span> <span class='ocrx_word' id='word_1_79' title='bbox 313 1433 400 1524; x_wconf 87' lang='lat' dir='ltr'>enim</span> <span class='ocrx_word' id='word_1_80' title='bbox 418 1431 465 1524; x_wconf 82' lang='lat' dir='ltr'>uti</span> <span class='ocrx_word' id='word_1_81' title='bbox 480 1462 724 1525; x_wconf 71' lang='lat' dir='ltr'>sanctissumum</span> <span class='ocrx_word' id='word_1_82' title='bbox 738 1469 790 1526; x_wconf 84' lang='lat' dir='ltr'>est</span> <span class='ocrx_word' id='word_1_83' title='bbox 810 1461 958 1541; x_wconf 82' lang='lat' dir='ltr'>editoris,</span> <span class='ocrx_word' id='word_1_84' title='bbox 980 1461 1105 1548; x_wconf 83' lang='lat' dir='ltr'>qualem</span> <span class='ocrx_word' id='word_1_85' title='bbox 1130 1460 1309 1540; x_wconf 80' lang='lat' dir='ltr'>desideres,</span> <span class='ocrx_word' id='word_1_86' title='bbox 1332 1461 1383 1530; x_wconf 75' lang='lat' dir='ltr'>ol·</span> 
     </span>
     <span class='ocr_line' id='line_1_12' title="bbox 220 1573 1393 1668; baseline 0.005 -30"><span class='ocrx_word' id='word_1_87' title='bbox 220 1573 347 1668; x_wconf 71' lang='lat' dir='ltr'>ficium,</span> <span class='ocrx_word' id='word_1_88' title='bbox 368 1581 415 1644; x_wconf 91' lang='lat' dir='ltr'>ita</span> <span class='ocrx_word' id='word_1_89' title='bbox 428 1576 651 1650; x_wconf 80' lang='lat' dir='ltr'>ferealienum</span> <span class='ocrx_word' id='word_1_90' title='bbox 674 1585 754 1666; x_wconf 81' lang='lat' dir='ltr'>puto</span> <span class='ocrx_word' id='word_1_91' title='bbox 776 1577 817 1644; x_wconf 91' lang='lat' dir='ltr'>ab</span> <span class='ocrx_word' id='word_1_92' title='bbox 840 1583 983 1666; x_wconf 86' lang='lat' dir='ltr'>ec,qui</span> <span class='ocrx_word' id='word_1_93' title='bbox 997 1577 1252 1664; x_wconf 76' lang='lat' dir='ltr'>singularemde</span> <span class='ocrx_word' id='word_1_94' title='bbox 1274 1577 1393 1664; x_wconf 73' lang='lat' dir='ltr'>aliquo,</span> 
     </span>
     <span class='ocr_line' id='line_1_13' title="bbox 223 1695 1395 1791; baseline 0.009 -34"><span class='ocrx_word' id='word_1_95' title='bbox 223 1696 377 1778; x_wconf 82' lang='lat' dir='ltr'>scriptore</span> <span class='ocrx_word' id='word_1_96' title='bbox 416 1697 713 1791; x_wconf 76' lang='lat' dir='ltr'>commentationem</span> <span class='ocrx_word' id='word_1_97' title='bbox 742 1697 914 1784; x_wconf 87' lang='lat' dir='ltr'>componit.</span> <span class='ocrx_word' id='word_1_98' title='bbox 954 1695 1058 1791; x_wconf 78' lang='lat' dir='ltr'>Huius</span> <span class='ocrx_word' id='word_1_99' title='bbox 1085 1705 1137 1762; x_wconf 82' lang='lat' dir='ltr'>eet</span> <span class='ocrx_word' id='word_1_100' title='bbox 1169 1718 1270 1779; x_wconf 80' lang='lat' dir='ltr'>nova,</span> <span class='ocrx_word' id='word_1_101' title='bbox 1291 1719 1395 1784; x_wconf 85' lang='lat' dir='ltr'>quaa.</span> 
     </span>
     <span class='ocr_line' id='line_1_14' title="bbox 224 1811 1395 1902; baseline 0.002 -26"><span class='ocrx_word' id='word_1_102' title='bbox 224 1811 404 1897; x_wconf 81' lang='lat' dir='ltr'>probabilia</span> <span class='ocrx_word' id='word_1_103' title='bbox 426 1818 507 1896; x_wconf 86' lang='lat' dir='ltr'>sint,</span> <span class='ocrx_word' id='word_1_104' title='bbox 526 1815 671 1896; x_wconf 73' lang='lat' dir='ltr'>aliene,</span> <span class='ocrx_word' id='word_1_105' title='bbox 700 1815 884 1882; x_wconf 79' lang='lat' dir='ltr'>illiuevera</span> <span class='ocrx_word' id='word_1_106' title='bbox 909 1837 954 1881; x_wconf 86' lang='lat' dir='ltr'>ex</span> <span class='ocrx_word' id='word_1_107' title='bbox 982 1815 1147 1896; x_wconf 72' lang='lat' dir='ltr'>onmiburr,</span> <span class='ocrx_word' id='word_1_108' title='bbox 1176 1838 1256 1902; x_wconf 87' lang='lat' dir='ltr'>quae</span> <span class='ocrx_word' id='word_1_109' title='bbox 1285 1814 1395 1885; x_wconf 84' lang='lat' dir='ltr'>allata.</span> 
     </span>
     <span class='ocr_line' id='line_1_15' title="bbox 225 1931 1396 2026; baseline 0.002 -31"><span class='ocrx_word' id='word_1_110' title='bbox 225 1933 307 2010; x_wconf 79' lang='lat' dir='ltr'>sint,</span> <span class='ocrx_word' id='word_1_111' title='bbox 335 1936 505 2026; x_wconf 82' lang='lat' dir='ltr'>vindicare.</span> <span class='ocrx_word' id='word_1_112' title='bbox 546 1931 621 1999; x_wconf 89' lang='lat' dir='ltr'>Non</span> <span class='ocrx_word' id='word_1_113' title='bbox 648 1943 757 2001; x_wconf 86' lang='lat' dir='ltr'>tamen</span> <span class='ocrx_word' id='word_1_114' title='bbox 777 1932 934 2015; x_wconf 87' lang='lat' dir='ltr'>mirabor,</span> <span class='ocrx_word' id='word_1_115' title='bbox 961 1938 989 1998; x_wconf 84' lang='lat' dir='ltr'>si</span> <span class='ocrx_word' id='word_1_116' title='bbox 1015 1935 1169 2020; x_wconf 84' lang='lat' dir='ltr'>quaedam</span> <span class='ocrx_word' id='word_1_117' title='bbox 1195 1955 1215 1998; x_wconf 89' lang='lat' dir='ltr'>a</span> <span class='ocrx_word' id='word_1_118' title='bbox 1240 1956 1292 2000; x_wconf 91' lang='lat' dir='ltr'>me</span> <span class='ocrx_word' id='word_1_119' title='bbox 1310 1956 1396 2019; x_wconf 86' lang='lat' dir='ltr'>pro-¹</span> 
     </span>
     <span class='ocr_line' id='line_1_16' title="bbox 223 2043 1386 2148; baseline 0.001 -32"><span class='ocrx_word' id='word_1_120' title='bbox 223 2054 329 2144; x_wconf 85' lang='lat' dir='ltr'>posita</span> <span class='ocrx_word' id='word_1_121' title='bbox 355 2076 426 2146; x_wconf 81' lang='lat' dir='ltr'>esee</span> <span class='ocrx_word' id='word_1_122' title='bbox 452 2054 584 2145; x_wconf 82' lang='lat' dir='ltr'>edoctus</span> <span class='ocrx_word' id='word_1_123' title='bbox 599 2053 717 2146; x_wconf 73' lang='lat' dir='ltr'>luero,</span> <span class='ocrx_word' id='word_1_124' title='bbox 746 2075 827 2140; x_wconf 86' lang='lat' dir='ltr'>qnae</span> <span class='ocrx_word' id='word_1_125' title='bbox 851 2053 915 2114; x_wconf 85' lang='lat' dir='ltr'>iarn</span> <span class='ocrx_word' id='word_1_126' title='bbox 941 2050 980 2115; x_wconf 89' lang='lat' dir='ltr'>ab</span> <span class='ocrx_word' id='word_1_127' title='bbox 1005 2053 1077 2148; x_wconf 85' lang='lat' dir='ltr'>aliie</span> <span class='ocrx_word' id='word_1_128' title='bbox 1104 2052 1182 2117; x_wconf 88' lang='lat' dir='ltr'>mihi</span> <span class='ocrx_word' id='word_1_129' title='bbox 1215 2043 1386 2140; x_wconf 88' lang='lat' dir='ltr'>praerepta</span> 
     </span>
     <span class='ocr_line' id='line_1_17' title="bbox 224 2169 1385 2258; baseline 0.003 -26"><span class='ocrx_word' id='word_1_130' title='bbox 224 2173 299 2238; x_wconf 79' lang='lat' dir='ltr'>sint.</span> <span class='ocrx_word' id='word_1_131' title='bbox 340 2171 378 2236; x_wconf 89' lang='lat' dir='ltr'>ln</span> <span class='ocrx_word' id='word_1_132' title='bbox 400 2179 496 2242; x_wconf 74' lang='lat' dir='ltr'>tanta¹</span> <span class='ocrx_word' id='word_1_133' title='bbox 510 2176 594 2238; x_wconf 87' lang='lat' dir='ltr'>enirn</span> <span class='ocrx_word' id='word_1_134' title='bbox 616 2169 770 2237; x_wconf 89' lang='lat' dir='ltr'>librorum</span> <span class='ocrx_word' id='word_1_135' title='bbox 794 2171 903 2255; x_wconf 88' lang='lat' dir='ltr'>inopia</span> <span class='ocrx_word' id='word_1_136' title='bbox 921 2169 1033 2256; x_wconf 86' lang='lat' dir='ltr'>hisque</span> <span class='ocrx_word' id='word_1_137' title='bbox 1056 2174 1210 2256; x_wconf 84' lang='lat' dir='ltr'>temporis</span> <span class='ocrx_word' id='word_1_138' title='bbox 1229 2173 1385 2258; x_wconf 79' lang='lat' dir='ltr'>angustiis</span> 
     </span>
     <span class='ocr_line' id='line_1_18' title="bbox 224 2283 1399 2382; baseline 0 -32"><span class='ocrx_word' id='word_1_139' title='bbox 224 2288 284 2352; x_wconf 83' lang='lat' dir='ltr'>vix</span> <span class='ocrx_word' id='word_1_140' title='bbox 306 2290 430 2366; x_wconf 83' lang='lat' dir='ltr'>emnia,</span> <span class='ocrx_word' id='word_1_141' title='bbox 458 2288 602 2382; x_wconf 83' lang='lat' dir='ltr'>quaeda</span> <span class='ocrx_word' id='word_1_142' title='bbox 627 2283 746 2362; x_wconf 84' lang='lat' dir='ltr'>Quinto</span> <span class='ocrx_word' id='word_1_143' title='bbox 770 2287 889 2370; x_wconf 85' lang='lat' dir='ltr'>scripta</span> <span class='ocrx_word' id='word_1_144' title='bbox 915 2293 1006 2366; x_wconf 83' lang='lat' dir='ltr'>sunt,</span> <span class='ocrx_word' id='word_1_145' title='bbox 1035 2288 1070 2350; x_wconf 89' lang='lat' dir='ltr'>in</span> <span class='ocrx_word' id='word_1_146' title='bbox 1099 2289 1287 2359; x_wconf 81' lang='lat' dir='ltr'>mernoriarn</span> <span class='ocrx_word' id='word_1_147' title='bbox 1308 2285 1399 2358; x_wconf 86' lang='lat' dir='ltr'>mibi¹</span> 
     </span>
     <span class='ocr_line' id='line_1_19' title="bbox 226 2402 1400 2490; baseline 0 -20"><span class='ocrx_word' id='word_1_148' title='bbox 226 2409 352 2471; x_wconf 72' lang='lat' dir='ltr'>venisse</span> <span class='ocrx_word' id='word_1_149' title='bbox 384 2405 541 2472; x_wconf 85' lang='lat' dir='ltr'>credibile</span> <span class='ocrx_word' id='word_1_150' title='bbox 557 2413 623 2488; x_wconf 82' lang='lat' dir='ltr'>est.</span> <span class='ocrx_word' id='word_1_151' title='bbox 663 2404 715 2474; x_wconf 84' lang='lat' dir='ltr'>Ita</span> <span class='ocrx_word' id='word_1_152' title='bbox 738 2408 837 2470; x_wconf 87' lang='lat' dir='ltr'>etiam</span> <span class='ocrx_word' id='word_1_153' title='bbox 864 2427 885 2469; x_wconf 91' lang='lat' dir='ltr'>a</span> <span class='ocrx_word' id='word_1_154' title='bbox 906 2402 1076 2490; x_wconf 74' lang='lat' dir='ltr'>Spitznerc</span> <span class='ocrx_word' id='word_1_155' title='bbox 1102 2407 1136 2469; x_wconf 87' lang='lat' dir='ltr'>in</span> <span class='ocrx_word' id='word_1_156' title='bbox 1160 2405 1400 2482; x_wconf 47' lang='lat' dir='ltr'>dissertatione,</span> 
     </span>
     <span class='ocr_line' id='line_1_20' title="bbox 226 2523 1399 2619; baseline 0 -33"><span class='ocrx_word' id='word_1_157' title='bbox 226 2523 358 2588; x_wconf 82' lang='lat' dir='ltr'>laudata</span> <span class='ocrx_word' id='word_1_158' title='bbox 372 2524 482 2608; x_wconf 80' lang='lat' dir='ltr'>plures</span> <span class='ocrx_word' id='word_1_159' title='bbox 501 2525 747 2588; x_wconf 56' lang='lat' dir='ltr'>emendationes,</span> <span class='ocrx_word' id='word_1_160' title='bbox 762 2529 934 2607; x_wconf 78' lang='lat' dir='ltr'>occupatas</span> <span class='ocrx_word' id='word_1_161' title='bbox 952 2527 1077 2602; x_wconf 86' lang='lat' dir='ltr'>inveni,</span> <span class='ocrx_word' id='word_1_162' title='bbox 1100 2547 1178 2609; x_wconf 83' lang='lat' dir='ltr'>ques</span> <span class='ocrx_word' id='word_1_163' title='bbox 1193 2527 1226 2589; x_wconf 85' lang='lat' dir='ltr'>in</span> <span class='ocrx_word' id='word_1_164' title='bbox 1241 2523 1301 2590; x_wconf 88' lang='lat' dir='ltr'>hac</span> <span class='ocrx_word' id='word_1_165' title='bbox 1317 2525 1399 2619; x_wconf 80' lang='lat' dir='ltr'>ipsa</span> 
     </span>
     <span class='ocr_line' id='line_1_21' title="bbox 226 2629 1387 2724; baseline 0.002 -22"><span class='ocrx_word' id='word_1_166' title='bbox 226 2639 450 2704; x_wconf 80' lang='lat' dir='ltr'>dissertatione</span> <span class='ocrx_word' id='word_1_167' title='bbox 471 2661 559 2713; x_wconf 81' lang='lat' dir='ltr'>erem-</span> <span class='ocrx_word' id='word_1_168' title='bbox 575 2639 811 2722; x_wconf 83' lang='lat' dir='ltr'>propositurus,</span> <span class='ocrx_word' id='word_1_169' title='bbox 842 2645 878 2702; x_wconf 89' lang='lat' dir='ltr'>ut</span> <span class='ocrx_word' id='word_1_170' title='bbox 898 2637 925 2702; x_wconf 88' lang='grc' dir='ltr'>Ι.</span> <span class='ocrx_word' id='word_1_171' title='bbox 947 2643 1019 2702; x_wconf 82' lang='grc'><strong>563.</strong></span> <span class='ocrx_word' id='word_1_172' title='bbox 1051 2629 1092 2724; x_wconf 79' lang='grc' dir='ltr'>ἦ·</span> <span class='ocrx_word' id='word_1_173' title='bbox 1119 2636 1226 2724; x_wconf 79' lang='grc' dir='ltr'><em>μέγα</em></span> <span class='ocrx_word' id='word_1_174' title='bbox 1247 2632 1284 2704; x_wconf 84' lang='lat' dir='ltr'>d&#39;</span> <span class='ocrx_word' id='word_1_175' title='bbox 1302 2631 1387 2724; x_wconf 73' lang='grc' dir='ltr'>οἵγ’</span> 
     </span>
     <span class='ocr_line' id='line_1_22' title="bbox 225 2733 1388 2852; baseline -0.005 -28"><span class='ocrx_word' id='word_1_176' title='bbox 225 2733 375 2844; x_wconf 64' lang='lat' dir='ltr'>neap.</span> <span class='ocrx_word' id='word_1_177' title='bbox 391 2761 505 2842; x_wconf 74' lang='lat' dir='ltr'>rar),</span> <span class='ocrx_word' id='word_1_178' title='bbox 526 2755 602 2823; x_wconf 74' lang='grc' dir='ltr'>ΧΗ.</span> <span class='ocrx_word' id='word_1_179' title='bbox 616 2759 688 2819; x_wconf 73' lang='lat' dir='ltr'>ree.</span> <span class='ocrx_word' id='word_1_180' title='bbox 710 2750 740 2820; x_wconf 71' lang='lat' dir='ltr'>a</span> <span class='ocrx_word' id='word_1_181' title='bbox 761 2752 833 2820; x_wconf 67' lang='grc' dir='ltr'>καὶ</span> <span class='ocrx_word' id='word_1_182' title='bbox 851 2746 1021 2835; x_wconf 57' lang='lat' dir='ltr'>terrram</span> <span class='ocrx_word' id='word_1_183' title='bbox 1043 2755 1086 2840; x_wconf 68' lang='grc' dir='ltr'>(ρ.-</span> <span class='ocrx_word' id='word_1_184' title='bbox 1102 2757 1219 2852; x_wconf 65' lang='grc' dir='ltr'><strong>μη.),</strong></span> <span class='ocrx_word' id='word_1_185' title='bbox 1239 2752 1299 2816; x_wconf 88' lang='lat' dir='ltr'>xr.</span> <span class='ocrx_word' id='word_1_186' title='bbox 1315 2734 1388 2818; x_wconf 76' lang='lat' dir='ltr'>reo.</span> 
     </span>
     <span class='ocr_line' id='line_1_23' title="bbox 225 2863 1386 2968; baseline -0.007 -27"><span class='ocrx_word' id='word_1_187' title='bbox 225 2869 264 2945; x_wconf 77' lang='grc' dir='ltr'>οἳ</span> <span class='ocrx_word' id='word_1_188' title='bbox 281 2869 315 2968; x_wconf 80' lang='lat' dir='ltr'>d&#39;</span> <span class='ocrx_word' id='word_1_189' title='bbox 330 2869 389 2942; x_wconf 70' lang='grc' dir='ltr'>ἔτι</span> <span class='ocrx_word' id='word_1_190' title='bbox 410 2872 591 2963; x_wconf 76' lang='grc' dir='ltr'><strong><em>δηριόωντο</em></strong></span> <span class='ocrx_word' id='word_1_191' title='bbox 608 2873 652 2958; x_wconf 86' lang='lat' dir='ltr'>(p.</span> <span class='ocrx_word' id='word_1_192' title='bbox 669 2873 791 2956; x_wconf 75' lang='lat' dir='ltr'>ma),</span> <span class='ocrx_word' id='word_1_193' title='bbox 807 2871 897 2936; x_wconf 87' lang='lat' dir='ltr'>xfll.</span> <span class='ocrx_word' id='word_1_194' title='bbox 911 2876 982 2936; x_wconf 77' lang='lat'><strong>25⁷.</strong></span> <span class='ocrx_word' id='word_1_195' title='bbox 998 2863 1092 2938; x_wconf 69' lang='lat' dir='ltr'>obrem</span> <span class='ocrx_word' id='word_1_196' title='bbox 1107 2871 1211 2961; x_wconf 75' lang='grc' dir='ltr'><em>δῆριν,</em></span> <span class='ocrx_word' id='word_1_197' title='bbox 1228 2869 1386 2948; x_wconf 56' lang='lat' dir='ltr'>xalta</span> 
     </span>
     <span class='ocr_line' id='line_1_24' title="bbox 225 2987 1406 3080; baseline -0.003 -21"><span class='ocrx_word' id='word_1_198' title='bbox 225 2991 286 3060; x_wconf 77' lang='grc' dir='ltr'>ἑνὶ</span> <span class='ocrx_word' id='word_1_199' title='bbox 301 2989 440 3080; x_wconf 64' lang='grc' dir='ltr'><strong><em>γούνασι</em></strong></span> <span class='ocrx_word' id='word_1_200' title='bbox 452 2995 495 3078; x_wconf 86' lang='lat' dir='ltr'>(p.</span> <span class='ocrx_word' id='word_1_201' title='bbox 505 2991 628 3077; x_wconf 85' lang='grc'><strong>1174.).,</strong></span> <span class='ocrx_word' id='word_1_202' title='bbox 646 2987 742 3066; x_wconf 83' lang='lat' dir='ltr'>Quod</span> <span class='ocrx_word' id='word_1_203' title='bbox 757 2999 864 3056; x_wconf 89' lang='lat' dir='ltr'>autem</span> <span class='ocrx_word' id='word_1_204' title='bbox 875 2991 1019 3077; x_wconf 86' lang='lat' dir='ltr'>pluribus</span> <span class='ocrx_word' id='word_1_205' title='bbox 1033 2995 1066 3057; x_wconf 90' lang='lat' dir='ltr'>in</span> <span class='ocrx_word' id='word_1_206' title='bbox 1080 2990 1171 3070; x_wconf 79' lang='lat' dir='ltr'>lucie,</span> <span class='ocrx_word' id='word_1_207' title='bbox 1183 2991 1406 3075; x_wconf 74' lang='lat' dir='ltr'>inprimisque</span> 
     </span>
     <span class='ocr_line' id='line_1_25' title="bbox 224 3107 1390 3199; baseline -0.005 -21"><span class='ocrx_word' id='word_1_208' title='bbox 224 3117 258 3178; x_wconf 90' lang='lat' dir='ltr'>in</span> <span class='ocrx_word' id='word_1_209' title='bbox 272 3116 323 3194; x_wconf 77' lang='lat' dir='ltr'>iia,</span> <span class='ocrx_word' id='word_1_210' title='bbox 345 3113 473 3199; x_wconf 81' lang='lat' dir='ltr'>quaein</span> <span class='ocrx_word' id='word_1_211' title='bbox 485 3119 633 3176; x_wconf 86' lang='lat' dir='ltr'>extremo</span> <span class='ocrx_word' id='word_1_212' title='bbox 645 3108 756 3175; x_wconf 87' lang='lat' dir='ltr'>libello</span> <span class='ocrx_word' id='word_1_213' title='bbox 771 3111 810 3174; x_wconf 88' lang='lat' dir='ltr'>de</span> <span class='ocrx_word' id='word_1_214' title='bbox 824 3109 945 3174; x_wconf 82' lang='lat' dir='ltr'>lacunis</span> <span class='ocrx_word' id='word_1_215' title='bbox 959 3111 1108 3197; x_wconf 82' lang='lat' dir='ltr'>exposui,</span> <span class='ocrx_word' id='word_1_216' title='bbox 1123 3107 1304 3184; x_wconf 74' lang='lat' dir='ltr'>Hermam·</span> <span class='ocrx_word' id='word_1_217' title='bbox 1316 3129 1390 3172; x_wconf 81' lang='lat' dir='ltr'>sen·</span> 
     </span>
     <span class='ocr_line' id='line_1_26' title="bbox 225 3203 1389 3318; baseline -0.007 -22"><span class='ocrx_word' id='word_1_218' title='bbox 225 3235 369 3312; x_wconf 86' lang='lat' dir='ltr'>tentiam,</span> <span class='ocrx_word' id='word_1_219' title='bbox 391 3253 452 3318; x_wconf 85' lang='lat' dir='ltr'>qua</span> <span class='ocrx_word' id='word_1_220' title='bbox 465 3229 521 3294; x_wconf 90' lang='lat' dir='ltr'>ille</span> <span class='ocrx_word' id='word_1_221' title='bbox 533 3233 566 3293; x_wconf 86' lang='lat' dir='ltr'>in&#39;</span> <span class='ocrx_word' id='word_1_222' title='bbox 580 3248 688 3292; x_wconf 88' lang='lat' dir='ltr'>veram</span> <span class='ocrx_word' id='word_1_223' title='bbox 701 3230 785 3292; x_wconf 90' lang='lat' dir='ltr'>viam</span> <span class='ocrx_word' id='word_1_224' title='bbox 799 3251 850 3292; x_wconf 87' lang='lat' dir='ltr'>me</span> <span class='ocrx_word' id='word_1_225' title='bbox 864 3228 1005 3309; x_wconf 84' lang='lat' dir='ltr'>reduxit,</span> <span class='ocrx_word' id='word_1_226' title='bbox 1026 3203 1139 3292; x_wconf 85' lang='lat' dir='ltr'>allerre</span> <span class='ocrx_word' id='word_1_227' title='bbox 1154 3247 1218 3299; x_wconf 83' lang='lat' dir='ltr'>non</span> <span class='ocrx_word' id='word_1_228' title='bbox 1234 3224 1389 3306; x_wconf 82' lang='lat' dir='ltr'>dubitavi,</span> 
     </span>
     <span class='ocr_line' id='line_1_27' title="bbox 225 3344 1387 3436; baseline -0.005 -20"><span class='ocrx_word' id='word_1_229' title='bbox 225 3353 259 3416; x_wconf 91' lang='lat' dir='ltr'>id</span> <span class='ocrx_word' id='word_1_230' title='bbox 272 3372 366 3436; x_wconf 85' lang='lat' dir='ltr'>spero</span> <span class='ocrx_word' id='word_1_231' title='bbox 388 3350 456 3413; x_wconf 87' lang='lat' dir='ltr'>lore</span> <span class='ocrx_word' id='word_1_232' title='bbox 472 3355 508 3411; x_wconf 92' lang='lat' dir='ltr'>ut</span> <span class='ocrx_word' id='word_1_233' title='bbox 520 3347 606 3410; x_wconf 87' lang='lat' dir='ltr'>haud</span> <span class='ocrx_word' id='word_1_234' title='bbox 619 3344 747 3430; x_wconf 84' lang='lat' dir='ltr'>indigne</span> <span class='ocrx_word' id='word_1_235' title='bbox 761 3345 883 3412; x_wconf 78' lang='lat' dir='ltr'>latonas</span> <span class='ocrx_word' id='word_1_236' title='bbox 900 3346 947 3412; x_wconf 70' lang='lat' dir='ltr'>sit&#39;</span> <span class='ocrx_word' id='word_1_237' title='bbox 956 3351 1005 3412; x_wconf 89' lang='lat' dir='ltr'>vir</span> <span class='ocrx_word' id='word_1_238' title='bbox 1017 3346 1227 3435; x_wconf 83' lang='lat' dir='ltr'>perillustris,</span> <span class='ocrx_word' id='word_1_239' title='bbox 1249 3346 1306 3410; x_wconf 84' lang='lat' dir='ltr'>sed</span> <span class='ocrx_word' id='word_1_240' title='bbox 1328 3367 1387 3431; x_wconf 91' lang='lat' dir='ltr'>pro</span> 
     </span>
     <span class='ocr_line' id='line_1_28' title="bbox 227 3437 1392 3554; baseline -0.007 -20"><span class='ocrx_word' id='word_1_241' title='bbox 227 3490 360 3548; x_wconf 86' lang='lat' dir='ltr'>summa,</span> <span class='ocrx_word' id='word_1_242' title='bbox 375 3437 469 3554; x_wconf 89' lang='lat' dir='ltr'>quarn</span> <span class='ocrx_word' id='word_1_243' title='bbox 483 3469 517 3531; x_wconf 93' lang='lat' dir='ltr'>in</span> <span class='ocrx_word' id='word_1_244' title='bbox 531 3490 570 3532; x_wconf 91' lang='lat' dir='ltr'>eo</span> <span class='ocrx_word' id='word_1_245' title='bbox 590 3465 791 3546; x_wconf 88' lang='lat' dir='ltr'>admiramur,</span> <span class='ocrx_word' id='word_1_246' title='bbox 809 3463 1005 3532; x_wconf 87' lang='lat' dir='ltr'>humanitate</span> <span class='ocrx_word' id='word_1_247' title='bbox 1020 3466 1157 3550; x_wconf 83' lang='lat' dir='ltr'>benigne</span> <span class='ocrx_word' id='word_1_248' title='bbox 1173 3439 1392 3544; x_wconf 38' lang='lat' dir='ltr'>concessuruup</span> 
     </span>
    </p>
   </div>
   <div class='ocr_carea' id='block_1_5' title="bbox 227 3561 1403 3682">
    <p class='ocr_par' dir='ltr' id='par_1_5' title="bbox 227 3561 1403 3682">
     <span class='ocr_line' id='line_1_29' title="bbox 227 3561 1403 3682; baseline -0.005 -32"><span class='ocrx_word' id='word_1_249' title='bbox 227 3595 266 3650; x_wconf 90' lang='lat' dir='ltr'>ut</span> <span class='ocrx_word' id='word_1_250' title='bbox 277 3588 327 3650; x_wconf 84' lang='lat' dir='ltr'>sui</span> <span class='ocrx_word' id='word_1_251' title='bbox 338 3589 474 3654; x_wconf 79' lang='lat' dir='ltr'>nominis</span> <span class='ocrx_word' id='word_1_252' title='bbox 486 3584 637 3670; x_wconf 85' lang='lat' dir='ltr'>splendor</span> <span class='ocrx_word' id='word_1_253' title='bbox 652 3582 702 3647; x_wconf 85' lang='lat' dir='ltr'>his</span> <span class='ocrx_word' id='word_1_254' title='bbox 716 3582 857 3650; x_wconf 80' lang='lat' dir='ltr'>exilibus</span> <span class='ocrx_word' id='word_1_255' title='bbox 875 3561 988 3650; x_wconf 73' lang='lat' dir='ltr'>tironia</span> <span class='ocrx_word' id='word_1_256' title='bbox 1005 3581 1278 3662; x_wconf 82' lang='lat' dir='ltr'>lucubrationibus</span> <span class='ocrx_word' id='word_1_257' title='bbox 1293 3584 1403 3682; x_wconf 64' lang='lat' dir='ltr'>inter-3</span> 
     </span>
    </p>
   </div>
   <div class='ocr_carea' id='block_1_6' title="bbox 227 3711 375 3791">
    <p class='ocr_par' dir='ltr' id='par_1_6' title="bbox 227 3711 375 3791">
     <span class='ocr_line' id='line_1_30' title="bbox 227 3711 375 3791; baseline -0.02 -23"><span class='ocrx_word' id='word_1_258' title='bbox 227 3711 375 3791; x_wconf 85' lang='lat' dir='ltr'>ponatur.</span> 
     </span>
    </p>
   </div>
   <div class='ocr_carea' id='block_1_7' title="bbox 255 3778 1392 3918">
    <p class='ocr_par' dir='ltr' id='par_1_7' title="bbox 255 3778 1392 3918">
     <span class='ocr_line' id='line_1_31' title="bbox 255 3778 1392 3918; baseline -0.006 -32"><span class='ocrx_word' id='word_1_259' title='bbox 255 3855 256 3886; x_wconf 82' lang='grc'>;</span> <span class='ocrx_word' id='word_1_260' title='bbox 311 3819 413 3888; x_wconf 87' lang='lat' dir='ltr'>Scrib.</span> <span class='ocrx_word' id='word_1_261' title='bbox 429 3778 642 3902; x_wconf 68' lang='lat' dir='ltr'>saalfeldiae,</span> <span class='ocrx_word' id='word_1_262' title='bbox 662 3805 743 3904; x_wconf 83' lang='lat' dir='ltr'>prid.</span> <span class='ocrx_word' id='word_1_263' title='bbox 763 3818 838 3885; x_wconf 89' lang='lat' dir='ltr'>Kal.</span> <span class='ocrx_word' id='word_1_264' title='bbox 853 3817 1026 3886; x_wconf 87' lang='lat' dir='ltr'>Novembr.</span> <span class='ocrx_word' id='word_1_265' title='bbox 1041 3809 1392 3918; x_wconf 64' lang='lat' dir='ltr'>Mucccxxxwln</span> 
     </span>
    </p>
   </div>
   <div class='ocr_carea' id='block_1_8' title="bbox 0 0 1536 4992">
    <p class='ocr_par' dir='ltr' id='par_1_8' title="bbox 0 0 1536 4992">
     <span class='ocr_line' id='line_1_32' title="bbox 0 0 1536 4992; baseline 0 0"><span class='ocrx_word' id='word_1_266' title='bbox 0 0 1536 4992; x_wconf 95' lang='lat' dir='ltr'> </span> 
     </span>
    </p>
   </div>
  </div>
 </body>
</html>
