3044 4986
598 143 1007 297 ....9....³

142 397 262 462 inlares
279 395 465 461 demutasse
470 393 485 459 l
526 392 703 490 Aristarchi
714 399 885 478 sententia,
905 400 939 462 in
953 397 1085 466 scholiis
1095 399 1221 484 pmttu
1236 411 1303 465 eta

142 498 259 564 Bothio
274 496 496 583 comprobata,
517 497 598 562 baec
613 509 679 577 est,
706 499 825 580 ironice
838 495 896 562 illa
906 500 1006 566 verba
1021 501 1204 586 accipienda
1219 523 1302 566 esse.

143 599 270 666 Schola
309 593 481 688 Διαγόρας
502 597 613 684 μελῶν
639 596 782 687 ποιητής
812 590 931 680 uideor,
968 593 1006 681 ὃς
1026 600 1084 668 καὶ
1108 625 1205 668 autre
1194 599 1302 668 dot·

142 695 244 784 μόναι
264 693 435 787 εἰσηγεῖτο.
463 697 526 766 καὶ
546 693 564 766 ὁ
586 698 648 782 μὲν
670 691 888 822 Aplorepxce
908 702 1139 792 Anytique*
1099 727 1157 770 νυν
1175 725 1302 790 μνημο-

142 796 249 874 νεύειν
284 794 383 888 φησί,
423 798 502 879 τούς
529 799 648 880 θεούς,
684 793 744 883 οὐχ
772 796 818 880 ὥς
849 793 988 890 ᾄδοντος
1016 796 1134 882 αὐτοῦ,
1173 795 1285 870 ἀλλ”
1267 827 1303 870 εν
1430 857 1432 868 .

143 894 297 990 εἰρωνείᾳ
321 896 474 983 κειμένου
498 905 559 969 τοῦ
577 900 693 988 λόγον,
723 894 796 969 ἀντὶ
814 925 873 969 του
858 900 1121 995 χλευάζοντος,
1148 900 1303 992 liupger-

92 999 94 1004 ’
143 997 255 1082 μένου.
295 1001 363 1066 elit
383 1005 581 1068 recentiores
597 1011 727 1088 poetam
746 1002 921 1090 Diagoram
934 985 1093 1068 diversmn
1108 1025 1179 1068 osse
1195 1004 1304 1072 volunt

144 1097 185 1162 ah
199 1101 299 1186 impio
309 1102 512 1190 philosopho.
556 1104 623 1169 see
643 1104 694 1170 his
710 1106 849 1170 admotis
863 1103 1018 1170 machinis
1032 1118 1065 1170 et
1075 1107 1303 1189 interpretandi

145 1199 287 1267 artificiis
310 1225 373 1271 non
392 1209 453 1270 erit
477 1225 574 1292 opus,
596 1209 625 1270 si
649 1209 789 1271 carmina
812 1203 968 1292 quaedam
991 1209 1074 1271 sacri
1096 1204 1303 1272 enthusiasmi

143 1301 240 1387 plena
256 1297 357 1392 nuper
376 1309 411 1371 in
430 1307 556 1372 theatro
577 1308 687 1372 audita
709 1311 797 1394 tangi
818 1311 969 1373 tenueris.
1009 1305 1094 1370 Mihi
1119 1309 1204 1372 enirn
1223 1307 1304 1372 haec

66 1453 73 1469 .
143 1404 269 1470 ridetur
289 1406 354 1472 loci
374 1411 533 1473 sententia
551 1429 637 1476 esse:
668 1417 787 1475 emat
805 1414 929 1474 ἑνιιίοιι
943 1399 1076 1489 Ἴακχον
1093 1427 1182 1492 quera
1202 1417 1305 1492 asper

143 1513 265 1572 cecam
278 1507 470 1594 Eccnpc‘des,
497 1515 552 1595 qtu‘
567 1511 651 1574 alter
671 1518 721 1574 est
736 1507 910 1594 Diagorae.
951 1507 1114 1594 Diagorae
1139 1510 1225 1574 enim
1247 1529 1305 1573 no·

143 1611 229 1672 ruine
243 1610 318 1674 inde
335 1609 377 1674 ab
392 1609 623 1697 Aristophane,
644 1613 699 1697 qui
718 1613 753 1676 in
769 1607 916 1676 Nuhihus
931 1609 1096 1674 Socratem
1112 1614 1306 1695 nuncupavit

143 1705 201 1774 eds
222 1709 374 1797 Μήλιον,
401 1728 503 1799 usqne
520 1714 562 1776 ad
578 1720 688 1798 patres
709 1709 942 1778 ecclesiasticos
957 1711 1060 1797 quivis
1075 1701 1182 1790 deneg
1202 1715 1251 1798 (v.
1265 1712 1304 1780 C.

142 1807 508 1878 renouarentur.
526 1813 676 1878 Abderae
695 1815 729 1877 in
747 1811 864 1876 Annel.
883 1810 1035 1876 scholast.
1055 1817 1147 1880 1830.
1168 1812 1225 1879 Νι.
1240 1817 1305 1900 63.)

144 1925 274 1976 vocatus
300 1921 361 1978 est
403 1915 470 1980 Sed
500 1915 718 1980 dubitantibus
742 1915 790 1992 da,
810 1915 943 1979 veritato
963 1935 1055 1978 meae
1079 1914 1305 2001 explicationis

10 2089 12 2096 X
143 2031 270 2078 emnem
291 2016 473 2102 scrupulum
495 2017 636 2082 evellere
655 2015 804 2084 conabor.
854 2016 1039 2100 Euripides,
1067 2019 1122 2102 qui
1142 2019 1305 2103 proiectus

143 2135 163 2176 e
182 2112 345 2180 rhetorum
365 2130 398 2182 et
422 2117 635 2204 sophistarum
656 2116 775 2182 scholis
795 2118 829 2180 in
849 2115 1009 2200 prioribus
1029 2119 1202 2202 tragoediis
1226 2120 1305 2184 deos

143 2214 314 2299 populares
336 2220 478 2284 irriserat
497 2233 530 2284 et
551 2219 638 2306 'vulgi
658 2221 697 2284 de
711 2218 808 2284 rebus
822 2221 922 2282 sacris
937 2222 1104 2304 opiniones
1118 2221 1236 2304 insigni
1249 2243 1307 2305 pe·

145 2317 280 2382 tulantia
297 2321 448 2384 conviciis
467 2321 641 2386 iuvenilem
658 2323 888 2386 institutionem
902 2319 1127 2386 ‘redolentibus
1145 2322 1307 2403 proscide-

143 2424 213 2495 rat,
231 2420 264 2480 in
285 2415 419 2482 Bacchis
440 2441 460 2483 a
480 2441 516 2484 aa
534 2423 608 2505 ipsc
626 2423 751 2484 videtur
776 2420 965 2498 descivisse,
986 2417 1081 2503 plene
1094 2417 1176 2482 elius
1189 2419 1304 2484 factus

143 2513 227 2580 Nam
255 2517 318 2582 hoc
346 2526 437 2604 putet
456 2522 490 2584 in
514 2543 553 2586 ea
579 2519 690 2584 iabula
708 2519 928 2604 componenda
949 2518 1040 2584 illurn
1061 2526 1241 2606 quactum,
1270 2531 1307 2586 ut

8 2651 10 2676 .
143 2622 364 2702 mysteriorum
378 2623 616 2688 sanctimoniam
630 2619 870 2686 concelebraret
882 2620 1066 2707 splendide,
1082 2624 1234 2707 pietatem
1249 2623 1307 2688 ed·

143 2741 254 2785 versus
278 2722 357 2786 deos
374 2725 608 2789 commendaret
628 2745 781 2802 nervose,
802 2743 930 2788 caecam
946 2722 1106 2810 nullisque
1129 2726 1262 2810 asgadis
1274 2736 1306 2788 et
1431 2801 1433 2804 ¹

35 2897 42 2904 .
142 2822 438 2888 ratiocinationibus
461 2825 700 2890 convellendam
719 2822 818 2888 fidem
836 2819 985 2889 suaderet
1004 2825 1172 2910 religiose,
1192 2826 1306 2888 carmi·

8 2995 9 3000 ἵ
142 2921 238 2987 nibus
259 2926 294 2987 in
327 2922 481 2990 honorem
511 2923 630 2991 Bacchi
656 2925 878 3011 pulcherrimis
904 2929 1040 2991 intextis
1070 2927 1119 3010 (v.
1142 2922 1306 3011 Margrar.

142 3023 276 3089 Emend.
297 3024 406 3112 Eurip.
427 3049 459 3112 p.
481 3031 552 3091 tet.
571 3025 731 3092 valerem
757 3026 894 3092 Distrih.
912 3050 945 3113 p.
961 3033 1012 3092 38.
1030 3027 1083 3112 a).
1127 3024 1232 3102 Quem
1255 3049 1307 3092 re-
1383 3080 1385 3084 .

143 3129 307 3211 mutinam
324 3130 422 3191 animi
439 3131 644 3194 mutationem
668 3140 826 3193 nostrates
852 3148 917 3192 nou
943 3127 1157 3206 mirabuntur,
1189 3130 1307 3213 quippe

144 3231 200 3314 qui
220 3231 420 3312 experientia
440 3231 544 3295 edocti
562 3231 680 3310 sciant,
706 3251 781 3309 eos,
803 3230 857 3315 qui
876 3231 1008 3293 iuvenes
1025 3249 1131 3293 remen
1145 3249 1307 3294 sacrarum

145 3342 356 3394 contemtores
380 3342 413 3394 et
436 3351 547 3396 osores
573 3331 716 3411 inerunt,
752 3349 907 3415 persaepe
935 3332 1174 3415 ingravescente
1202 3341 1306 3395 aetate

145 3427 316 3512 impietatis
336 3434 502 3517 poenitere
522 3445 554 3496 et
577 3453 704 3496 omnem
725 3433 981 3516 superstitionem
1002 3432 1116 3516 cupide
1137 3430 1331 3517 amplexos·

146 3527 314 3614 diligenter
330 3533 468 3619 puhlicis
494 3529 776 3619 supplicationibus
795 3534 960 3596 iuteresse.
1004 3529 1071 3594 Sed
1088 3530 1307 3617 Aristophani,
1372 3527 1375 3534 ’

146 3631 300 3695 acerrimo
321 3635 487 3722 religionis
506 3634 639 3722 publice
654 3640 802 3719 receptae
820 3633 941 3697 vindici
961 3644 994 3697 et
1007 3633 1184 3714 defensori,
1206 3635 1308 3698 eredi-

145 3729 213 3795 bile
227 3744 293 3812 est,
312 3733 400 3800 illam
418 3740 487 3802 sivo
511 3739 667 3802 sinceram
682 3737 751 3799 sive
767 3731 950 3798 renuetur
964 3745 998 3798 et
1012 3737 1195 3798 ementitam
1207 3735 1308 3818 pieta·

145 3844 212 3896 um
232 3835 279 3897 ita
291 3831 386 3902 hilam
400 3841 557 3916 movisse,
574 3823 614 3901 ut¹
631 3859 672 3902 ne
691 3837 838 3901 defuncte
854 3835 982 3922 «pidem
996 3833 1141 3920 Euripidi
1162 3847 1308 3920 parceret

145 3934 205 3996 sed
217 3932 370 3998 aculeatis
380 3936 486 4002 verbis
500 3938 675 4004 insultaret.
717 3937 789 4002 Hoc
806 3940 904 4023 igitur
922 3934 1000 4000 mihi
1019 3935 1130 4000 videor
1140 3920 1305 4021 probasse,

144 4029 253 4098 verbis
274 4053 357 4122 quae
377 4044 585 4124 supraposui
607 4040 779 4124 perstringi
799 4037 914 4103 acerbe
938 4037 1076 4101 bominis
1100 4039 1307 4122 impietatem,

146 4155 201 4219 qur
190 4134 295 4202 'alios
309 4136 443 4202 fallendi
454 4159 550 4204 caure
563 4141 738 4206 saumatis
752 4141 892 4225 speciem
904 4159 983 4224 prae
995 4159 1032 4204 ae
1046 4139 1118 4204 lert.
1141 4137 1307 4218 Sirmliter,

145 4234 236 4300 uth.
255 4237 278 4300 l.
304 4236 489 4325 Euripidem
511 4240 579 4308 dici
598 4249 678 4328 pute
704 4239 841 4308 alterum
861 4238 1051 4329 Diagoram,
1082 4238 1307 4327 explicatur

146 4335 228 4403 duco
241 4337 404 4410 Ιίιινιιιιιιιι
422 4359 469 4408 vs.
486 4345 557 4406 141.

524 4435 699 4532 Θησεύς”
678 4468 797 4534 ηγογεν
