3030 5002
562 281 629 304 «-
675 237 769 322 239
815 269 888 304 e·-

142 419 332 511 riaciosco
354 415 512 496 admisso,
534 425 630 484 riuum
642 415 818 482 membrum
835 415 965 482 duobus·
978 411 1084 485 ve'rbie
1106 409 1302 496 onerareturl

143 523 295 587 Fortasse
325 528 433 586 autent
453 519 557 586 intent
576 513 610 582 iu
631 541 671 582 eo
693 519 792 584 uerbo
812 523 970 605 genuinae
990 518 1139 589 lectionis
1159 533 1303 616 vestigia'.

143 615 227 690 Nam
248 621 347 697 facile
365 623 439 690 inde
459 619 542 686 effici
562 626 686 706 potest:

516 744 634 831 δριμύς
654 734 719 832 γᾶρ
745 735 848 830 ἄγιν
868 739 982 820 πόθος
1000 740 1132 826 ἠιθέοιο
1188 756 1193 776 ¹

246 837 427 930 ἀθανάτην
448 848 632 914 ποιέουσαν
653 839 901 940 ἀπείριτον·
916 849 996 934 κτλ.

148 971 253 1054 Saepe
275 974 359 1036 enim
380 969 442 1034 boc
460 969 558 1034 verbo
580 967 717 1045 Quintus
738 973 847 1034 utitur.
892 966 942 1034 Cf.
963 967 1018 1032 Ill.
1040 976 1112 1036 386.
1145 975 1305 1050 πονέοντο

145 1065 329 1160 (insipieus.
346 1105 389 1122 ·-
408 1069 513 1135 Multo
536 1075 688 1136 maiorem
711 1070 930 1136 difficultatem
941 1075 1107 1156 sequentia
1123 1076 1306 1164 interpreti-

143 1173 205 1240 bus
225 1175 472 1254 lacessiverunt,
497 1195 579 1260 quae
600 1175 634 1237 in
655 1175 793 1257 antiquis
812 1169 1005 1236 editionibus
1026 1176 1073 1236 sic
1095 1172 1261 1259 leguntur:

865 1283 906 1377 ἧς
929 1293 977 1363 ἔτι
998 1292 1057 1364 νῦν
1080 1319 1140 1388 περ

144 1423 146 1432 ⁴
246 1393 341 1481 εὐνῆς
362 1397 454 1486 σῆμα
475 1405 624 1468 τέτυκται
639 1389 704 1467 ὑπὸ
720 1395 848 1487 δρυσίν·
871 1396 957 1489 ἀμφὶ
977 1395 1012 1464 δ’
1037 1392 1093 1486 ἄρ’
1119 1392 1206 1497 αὐτῇ

143 1525 145 1534 “
246 1497 388 1588 ἐκκέχυτ’
416 1507 451 1570 ἑν
471 1499 633 1588 ξυλόχοισι
654 1502 743 1588 βοῶν
768 1497 907 1586 γλάγος·
934 1502 967 1574 οἳ
993 1493 1034 1568 δι’
1054 1524 1094 1568 νυ
1115 1499 1222 1592 φῶτες
1250 1575 1254 1583 ,
1288 1497 1291 1504 ’

245 1597 387 1689 θηοῦκι’
411 1600 506 1672 σι’σέτι
529 1617 634 1672 κεῖνο·
660 1599 698 1671 τὰ
722 1598 785 1691 γὰρ
808 1603 901 1692 μάλα
921 1600 1044 1684 τηλόθι
1069 1611 1173 1696 φαίης
1252 1599 1256 1608 ⁴

248 1705 381 1792 ἔμμεναι
407 1703 560 1798 εἰσορόων
585 1701 701 1774 πολιὸν
723 1702 827 1794 γοέλα·
852 1710 917 1774 κεῖ
938 1705 970 1774 δ’
998 1707 1086 1790 ἵησι

248 1806 362 1880 λευκὸν
382 1807 482 1899 ὕδωρ,
508 1815 562 1878 καὶ
587 1805 692 1896 plaudo
709 1805 905 1898 ἄπόιιροθιο
927 1801 1064 1876 ὁππόθ’
1090 1804 1210 1894 ἵκηται,
1296 1885 1300 1895 ,

249 1911 410 2000 κη’γνοται
434 1908 520 2007 ἀμφὶ
545 1913 795 2003 ῥέιθρα·«πίλιι
816 1911 851 1980 δ’
876 1907 943 2000 ἄρα
968 1909 1082 1982 λάϊνον
1098 1899 1211 1995 οὖδας.
1296 1994 1302 2018 ‚

149 2035 273 2102 Tamen
294 2047 418 2124 partem
439 2041 506 2104 veri
524 2041 587 2103 iam
608 2039 689 2104 vidit
709 2035 970 2118 Rhodomoonus,
991 2059 1023 2103 v.
1042 2043 1112 2103 136.
1132 2063 1176 2106 ex
1192 2039 1217 2110 l'.
1234 2047 1307 2110 303.
1398 2109 1404 2118 ,
1510 2119 1511 2136 ¹

147 2135 263 2230 ἵκηαι
285 2139 444 2222 scribens,
466 2142 550 2227 quod
566 2143 663 2206 etiam
675 2137 842 2205 Bonitzim
859 2138 883 2205 l.
900 2161 928 2201 c.
944 2161 976 2224 p.
996 2145 1088 2206 1243.
1106 2150 1143 2230 et
1159 2139 1324 2226 Sperne·

149 2263 202 2304 ικιι
221 2241 243 2305 l.
258 2265 284 2306 c.
302 2265 333 2327 p.
351 2247 441 2305 1169.
462 2241 686 2327 probaverunt.
728 2239 904 2306 infeliciter
920 2238 1004 2304 hunc
1025 2240 1134 2306 locum
1155 2248 1307 2315 tractarit

147 2337 227 2403 olim
244 2339 429 2423 ΤηοΙιιααίαι
450 2344 484 2405 in
508 2345 791 2423 commentatione,
814 2364 907 2428 qnam
922 2364 1005 2406 anno
1023 2346 1114 2407 1783.
1129 2344 1169 2407 de
1184 2341 1306 2418 Quinte

149 2441 271 2520 edidit,
292 2439 347 2503 ubi
364 2465 394 2526 p.
414 2447 464 2507 56.
480 2465 508 2506 v.
524 2449 592 2506 135.
615 2466 684 2508 cum
699 2441 881 2527 Duosqueio
910 2439 990 2508 καὶὸ
1008 2441 1051 2508 δὲ
1072 2437 1164 2531 ἵησι
1185 2445 1306 2530 scribit,

148 2562 260 2628 αηιιακι
281 2541 463 2627 intelligens
487 2563 532 2607 ec·
556 2553 648 2607 antro
669 2553 880 2625 αιιιαιιιιιιῐικι,
910 2543 1126 2627 aparietidus
1150 2561 1308 2617 ravenae
1370 2537 1371 2540 Ἴ

148 2648 329 2708 omrmorcu's
343 2646 513 2728 particulis
527 2647 655 2729 pieriam
678 2645 860 2730 (tophum),
891 2665 972 2730 quae
995 2647 1041 2710 ud
1061 2647 1158 2711 solum
1179 2663 1313 2724 concre-¹

147 2761 237 2809 scens
262 2743 400 2810 candore
423 2747 488 2810 suo'
507 2752 642 2832 speciem
667 2745 846 2832 praebebat
869 2747 967 2819 lactei,
984 2748 1091 2828 effusi.
1131 2746 1168 2812 ln
1194 2750 1310 2826 eadem

148 2848 274 2930 ¹videtur
286 2849 685 2936 permansissesententia‚
705 2871 776 2913 cum
791 2849 824 2911 in
837 2847 978 2911 editione
993 2847 1078 2913 baud
1092 2847 1206 2912 melius
1219 2837 1310 2917 κεῖνο

151 2941 186 3016 d'
208 2943 280 3036 ἵησι
303 2950 430 3032 (inepte
453 2951 537 3010 enim
558 2941 636 3034 ἵησι
656 2949 780 3030 editur)
800 2946 971 3024 scriberet3
991 2969 1094 3035 neque
1116 2951 1202 3036 quod
1222 2950 1312 3026 Rue„

151 3051 319 3114 domenicus
339 3047 558 3126 coniectabat,
592 3051 716 3112 naida
745 3041 778 3113 δ’
803 3044 911 3136 ἵησι,
946 3057 1100 3132 praestat.
1140 3051 1208 3115 Sed
1242 3073 1308 3118 non

151 3173 231 3236 opus
262 3158 313 3216 est
336 3157 374 3213 ut
395 3147 545 3234 'pluribus
568 3147 646 3212 baec
673 3148 857 3212 refutentur.
900 3147 1039 3228 Locum,
1070 3143 1100 3212 si
1126 3141 1218 3214 bene¹
1239 3172 1308 3216 me·

151 3253 249 3331 mini,
270 3259 357 3316 recte
370 3253 434 3314 iem
447 3250 602 3337 explicuit
619 3250 775 3313 Pouwr'us.
817 3247 882 3314 Res
902 3249 988 3315 enim
1007 3247 1087 3314 haec
1108 3258 1178 3314 erat
1196 3271 1309 3316 secure..

150 3353 224 3417 dnm
241 3361 379 3436 poetam.
414 3349 654 3416 Monstrabatur
672 3354 705 3415 in
725 3349 852 3415 Latmio
875 3360 984 3416 monte
1014 3361 1157 3430 antrum,
1186 3353 1219 3414 iu
1244 3373 1306 3438 qrro

149 3451 244 3518 Luna
257 3475 425 3538 congressa
441 3475 512 3516 csse
527 3451 692 3517 dicebatur
708 3473 779 3516 cum
790 3453 987 3536 Endymione
1002 3453 1059 3537 (cl.
1074 3450 1207 3515 Pausan.
1222 3449 1264 3517 V.
1279 3459 1309 3522 1.

152 3561 181 3637 ἦ.
197 3559 226 3618 5.
241 3543 360 3620 dormo
377 3548 595 3637 Ἐνδυμίωνός
613 3550 702 3620 ἐστιν
722 3551 757 3619 ἓν
777 3555 824 3640 τῷ
844 3551 1002 3639 Λάτμῳ).
1046 3551 1144 3618 Cuius
1158 3576 1311 3640 cengres⁴
1414 3625 1421 3639 Ι

146 3677 206 3747 ,σοι
222 3658 345 3738 signum
360 3677 430 3722 esse
444 3654 609 3722 dicebatur
624 3655 758 3718 effirsum
768 3663 848 3719 'ante
861 3663 985 3720 antrum
994 3654 1053 3720 sub
1064 3654 1242 3742 quercubus
1256 3655 1309 3721 lae

151 3759 268 3835 boum,
291 3756 488 3840 quodetiam
510 3766 585 3823 tuuc
606 3779 735 3821 cernere
748 3755 809 3820 sibi
832 3755 1020 3820 videbantur
1041 3755 1178 3821 accolae.
1220 3755 1308 3823 Ante

151 3859 239 3926 illud·
256 3865 380 3920 annum
398 3861 481 3923 enirn
498 3858 608 3944 procul
630 3856 789 3923 stantibus
809 3857 860 3922 luc
883 3857 1050 3934 ell'usum,¹
1066 3859 1195 3941 propius
1218 3881 1308 3924 acce·

152 3959 300 4028 dentibus
315 3959 448 4025 candida
463 3982 544 4046 aqua
558 3985 629 4026 esse
644 3960 824 4035 videbatur;
846 3960 904 4024 scd
921 3958 976 4021 ubi
997 3979 1156 4043 proxume
1168 3960 1238 4044 quis
1253 3982 1307 4024 ac-

153 4069 309 4142 cesserat,
329 4060 382 4140 id,
405 4060 489 4146 quod
501 4065 634 4144 primurn
651 4063 717 4143 lac,
738 4070 805 4126 tum
827 4083 940 4148 aquam
962 4081 1034 4122 esse
1050 4065 1239 4144 putaverat,
1260 4060 1307 4126 nil

153 4189 225 4230 esse
246 4164 398 4247 cognovit
419 4163 479 4225 nisi
492 4161 595 4226 solum
610 4185 834 4243 marmorerun,
856 4161 1013 4248 splendidi
1027 4159 1164 4246 lapidis,
1182 4165 1307 4246 opinor,

152 4267 235 4331 unde
266 4264 347 4329 radii
371 4262 450 4328 solis
471 4262 649 4346 repercussi
673 4272 823 4349 poterant
841 4261 951 4350 procul
974 4265 1075 4327 stanti
1097 4268 1130 4325 et
1153 4261 1247 4328 lactis
1273 4269 1308 4326 et

153 4387 253 4453 aquae
269 4368 440 4453 imaginem
452 4365 587 4432 referre.-
598 4411 612 4424 .-
622 4363 734 4453 Itaque
748 4369 781 4432 in
796 4363 854 4430 illo
870 4365 922 4432 κοῒ
939 4357 975 4442 df
1003 4356 1076 4451 ἵησι
1093 4362 1195 4428 latere
1210 4362 1313 4432 debet
