3044 4986
415 197 977 318 -νο-·

149 409 257 470 tenere
283 401 420 467 iubetur.
461 397 713 491 Περιίστασθαι
747 417 854 468 autom
882 405 945 472 non
975 405 1132 493 signifieat
1158 412 1195 472 ιἰι
1216 405 1311 492 petuo

146 510 279 584 παίοντ’,
313 525 395 589 quae
416 495 538 567 Βισοιιί
560 505 600 568 ad
622 503 654 567 h.
675 503 697 568 l.
721 516 752 568 ot
774 504 963 572 Moetznert‘
987 509 1028 572 od
1050 507 1185 593 Lyeurg.
1208 529 1240 594 p.
1258 514 1309 573 78.
1424 537 1426 545 ’

148 609 257 692 opinio
275 616 343 684 est,
372 605 430 670 sed
452 606 486 668 iu
508 603 606 670 alium
626 603 730 668 locum
744 608 791 668 ine
806 609 873 670 sive
894 612 998 691 potius
1015 611 1241 674 nidummalum
1258 631 1310 674 oc·

148 728 267 790 copore
296 709 468 786 (καινοῖσι
495 743 534 754 -
552 705 618 772 siclt
636 707 828 787 omotelleu).
877 705 1115 796 Περιστήσειν,Δ
1138 721 1174 774 nt
1194 709 1309 776 hocin

148 823 328 888 transcursu
347 827 511 886 moneam,
539 805 740 884 ΒιλλειαιΙ.
763 812 832 871 174.
847 831 878 892 p.
896 812 965 871 169.
986 831 1030 872 ex
1046 809 1091 894 tq
1112 811 1233 876 intulit:
1252 809 1310 878 καί
1394 877 1398 896 ,

149 905 388 997 περιστήσειν
422 908 471 992 τῷ
487 934 491 940 ·
506 905 568 990 μὲν
593 907 732 997 φυγόντι
766 911 923 996 θαρρεῖν,
961 903 1042 974 ὅταν
1075 900 1176 988 ἆῦτὸς
1208 912 1307 1001 δεῦρο

43 1021 54 1034 “
148 1007 306 1096 παρέλθῃ
313 1053 323 1085 ,
344 1004 580 1092 ἐκπεπλῆχθαι
601 1007 638 1075 δὲ
655 1011 703 1095 τῷ
722 1007 894 1098 κατηγόρῳ
915 1005 972 1075 καί
993 1011 1215 1097 πεφοβῆσθαι
1230 1009 1309 1100 περὶ

147 1104 262 1186 αὑτοῦ,
294 1127 390 1193 quum
409 1121 517 1174 tamen
537 1122 570 1174 et
591 1105 820 1196 codices'pene
843 1131 954 1174 omnes
975 1112 1008 1174 in
1026 1108 1155 1195 vulgato
1172 1133 1307 1200 παρα-

146 1206 278 1296 ατήσειν
305 1211 503 1278 consentiant
525 1214 645 1295 etipse
672 1232 749 1274 usus
777 1214 934 1275 sermonis
961 1214 1069 1296 graeci
1100 1209 1309 1300 περιστήσειν

147 1322 284 1396 spernat.
329 1307 380 1372 cf.
394 1307 522 1374 litto.
545 1309 603 1376 καί·
620 1309 837 1398 διαλογισμὸν
858 1308 1053 1408 παρίστησι,
1075 1309 1121 1398 μή
1143 1335 1176 1378 τι
1196 1335 1308 1398 παρα-

149 1407 238 1499 λίπγγ
254 1411 321 1478 τῶν
340 1408 614 1499 κατηγορημένων
619 1460 636 1490 ,,
650 1413 672 1474 i.
687 1435 715 1476 e.
732 1416 833 1492 iniieit
854 1409 953 1478 menti
968 1413 1201 1497 cogitationem.
1222 1410 1307 1478 Vide

146 1514 271 1578 Βοίιλίι·
283 1510 352 1575 lnd.
371 1533 478 1596 graec.
493 1511 586 1577 Dem.
601 1534 626 1576 ι.
643 1513 715 1578 hv.
730 1527 762 1578 et
773 1513 900 1600 Dionen.
917 1515 957 1578 ad
971 1511 1064 1576 Dem.
1077 1535 1135 1599 pro
1150 1535 1215 1577 εστ.
1232 1518 1261 1592 ἦ.
1278 1519 1306 1578 1.

147 1639 178 1702 p.
191 1619 251 1678 159
265 1635 311 1698 sq.
333 1647 375 1662 -
395 1611 435 1676 ll.
452 1619 523 1677 118.
538 1636 568 1697 p.
582 1618 644 1676 288
658 1636 705 1700 sq.
728 1610 748 1702 ή
770 1615 833 1697 μὲν
851 1614 930 1703 τύχη
948 1611 1009 1680 καί·
1028 1610 1201 1692 Φίλιππος
1220 1603 1306 1701 ἦσαν

145 1719 212 1784 τῶν
237 1710 344 1804 ἔργων
368 1711 496 1803 κύριοι,
523 1711 587 1800 ε’γώ
617 1714 657 1788 δὲ,
680 1717 740 1802 τής
766 1713 874 1802 πρὸς
903 1710 990 1799 ὑμᾶς
1016 1707 1148 1792 εὐνοίας
1165 1713 1223 1782 καί
1242 1718 1308 1782 τῶν

112 1811 115 1832 '
146 1812 263 1904 λόγων.
311 1814 423 1880 Scribe
451 1818 511 1901 τής
537 1810 596 1894 εἰς
622 1812 709 1899 ὑμᾶς
733 1809 865 1894 εὐνοίας
891 1839 935 1880 ex
956 1822 1089 1901 cgipo.
1131 1812 1309 1904 Utrumque

147 1916 361 1982 Aesolrineum
379 1928 444 1980 est:
466 1913 525 2004 τήν
546 1914 653 2006 πρὸς
672 1914 731 2003 τήν
752 1911 852 1982 πόλιν
872 1908 1004 1985 εἶν’νοιαν
1023 1915 1049 1980 l.
1062 1921 1132 1980 169.
1152 1915 1192 1980 ll.
1209 1923 1259 2008 17.
1274 1931 1307 1984 et

145 2017 240 2095 τέλος
265 2015 303 2083 δὲ
331 2015 465 2084 πάντων
489 2011 635 2106 ἔγραφεν
660 2012 748 2104 ήμᾶς
768 2019 982 2106 στεφανῶσαι
1000 2016 1134 2083 θαλλοῦ
1154 2016 1306 2106 στεφάνην
1425 2057 1429 2078 .

147 2117 285 2186 ἕκαστον
306 2111 439 2196 εὐνοίας
457 2114 560 2194 ἕνεκα7
573 2121 632 2205 τής
649 2113 713 2196 είς
733 2117 790 2184 τόν
811 2119 917 2205 ὁήμον
937 2117 977 2184 ll.
991 2123 1043 2185 46.
1079 2111 1146 2183 Sed
1158 2119 1219 2186 hoc
1233 2120 1305 2186 loco

145 2221 303 2286 Beate-m
330 2221 415 2307 quod
442 2219 634 2282 deteriorum
663 2221 751 2282 iussu
772 2218 926 2285 libronnn
945 2218 1133 2284 vocabulum
1154 2218 1306 2308 στεφάνφ

147 2323 271 2400 oruisit,
296 2341 410 2384 vereor
431 2342 470 2384 ne
491 2322 667 2384 orationem
688 2342 753 2382 non
773 2341 921 2404 grecam
934 2320 1055 2384 feccrit.
1099 2319 1150 2384 cf.
1164 2319 1220 2386 ΙΙΙ.
1236 2327 1306 2388 187.

146 2445 179 2508 p.
194 2424 265 2484 677.
307 2418 453 2496 Βασίλαι,
476 2422 604 2502 opinor,
625 2416 680 2481 111.
695 2423 746 2480 43.
755 2425 867 2502 p.433.
887 2419 964 2496 τούς
983 2419 1021 2485 δὲ
1044 2412 1307 2508 αἷνακηραττομέ-

146 2545 224 2600 νοος
242 2519 278 2588 ἐν
297 2521 346 2606 τῷ
364 2512 499 2611 θεάτρῳ
519 2512 650 2599 μείζοσι
669 2521 781 2599 τιμαῖς
799 2520 968 2601 τιμᾶσθαι
985 2519 1174 2586 vocabulum
1194 2527 1307 2613 τιμαῖς
1403 2546 1422 2577 s

146 2632 298 2710 (propter
317 2619 558 2703 oedfgdmn)
580 2620 756 2700 omisisset,
778 2623 851 2706 quia
864 2621 899 2684 id
913 2620 1014 2687 multo
1034 2619 1161 2686 facilius
1181 2635 1306 2708 poterat

146 2722 276 2791 evenho
294 2721 461 2802 teusindae
475 2719 625 2804 suppleri.
648 2758 687 2770 -
709 2721 984 2806 dianopam.
1007 2715 1181 2813 ἀπηνέχθη
1199 2723 1262 2814 γὰρ
1283 2724 1304 2814 ή

144 2821 230 2892 κατὰ
250 2822 348 2888 τοῦδε
366 2822 427 2886 τοῦ
446 2816 666 2908 ψηφίσματος
686 2816 817 2912 γραφή,
847 2813 889 2910 ήν
909 2815 969 2906 οὐχ
988 2820 1075 2911 ὑπὲρ
1094 2826 1153 2910 τής
1174 2825 1306 2906 πόλεως

145 2919 223 2994 ἄλλ’
235 2921 321 3010 ὑπὲρ
337 2922 398 3008 τής·
418 2918 522 3008 πρὸς
540 2913 757 3010 Ἀλέξανδρον
774 2920 944 3002 ἐνδείξεώς
957 2948 1000 3008 με
1018 2921 1087 3013 φής
1106 2917 1306 3013 ἀπενεγκεῖν.

145 3027 281 3094 Codices
302 3023 492 3106 ocdfgmo
515 3023 574 3108 τής
601 3015 662 3099 είς
685 3015 734 3089 'A.
754 3021 845 3102 ε’νιλ,
883 3030 966 3110 quod
986 3024 1175 3110 Bernhardy
1196 3029 1305 3112 (Syut.

143 3154 176 3216 p.
195 3128 280 3210 117.)
301 3125 450 3189 defendit.
482 3120 599 3187 Recte.
639 3119 742 3203 Nam,
771 3126 833 3188 nisi
856 3124 975 3204 fallor,¹
993 3124 1054 3190 hoo
1073 3129 1206 3192 interest
1223 3131 1306 3194 inter

144 3245 307 3315 utramque
329 3219 517 3303 formulam,
545 3237 596 3304 ut,
634 3226 689 3310 qui
717 3221 824 3313 πρὸς
848 3219 1066 3314 Ἀλέξανδρον
1095 3222 1304 3311 ἐνδείκνυται,

145 3333 179 3395 id
211 3349 318 3396 coram
351 3324 540 3394 Alexandro
571 3328 669 3390 etad
701 3349 775 3391 eum
812 3341 985 3394 conversus
1011 3327 1122 3402 faeiem
1162 3330 1216 3412 qui
1243 3326 1305 3408 εἰς

142 3423 375 3517 Ἀλέξανδρον,
407 3430 436 3490 is
463 3424 553 3490 illam
583 3426 833 3515 qualemcunque
864 3431 1108 3494 ostentationem
1139 3447 1230 3493 ouum
1264 3433 1305 3496 ed

145 3526 365 3604 Alexandrum
400 3530 470 3592 sive
500 3542 700 3613 praesentem
737 3535 805 3598 sive
821 3528 1003 3594 ‘absentem
1041 3542 1185 3614 spectaro
1219 3529 1305 3596 velit.
1399 3610 1403 3616 Ι

147 3627 244 3706 Quod
262 3632 290 3692 si
303 3632 347 3692 ita
361 3642 426 3709 est,
449 3627 596 3694 hocloco
616 3625 664 3709 είς
686 3631 887 3696 scribendum
904 3631 1005 3694 fuisse
1025 3643 1166 3715 apparet.
1186 3669 1225 3680 —-
1247 3632 1303 3698 ΙΙΙ.
1337 3691 1338 3698 ,

146 3735 217 3792 131.
234 3750 265 3811 p.
280 3732 349 3791 521.
379 3723 419 3796 οὗ
447 3727 485 3804 τὸ
514 3730 701 3798 τελευταῖον
728 3725 865 3798 ἀθύτων
889 3727 947 3796 καὶ
973 3723 1220 3819 ἀκαλλιερήτων
1238 3737 1305 3800 τῶν

144 3827 244 3919 ἱερῶν
273 3818 375 3896 ὄντων
403 3833 468 3916 (sic
496 3832 705 3916 ocdfgmn,
735 3834 775 3907 of.
803 3834 892 3916 163.)
915 3829 1086 3922 ἐξέπεμψε
1103 3828 1183 3910 ,τούς
1203 3854 1305 3922 στρα-
1365 3892 1370 3903 .

143 3925 264 4008 τιαίτας
285 3925 345 3996 ἐπὶ
361 3927 418 3998 τὸν
438 3931 609 4022 πρόδηλον
630 3928 800 4016 ’κίνδυνονς
834 3929 946 3998 καίτοι
965 3955 1002 4018 γε
1023 3925 1140 4020 πρώην
1159 3924 1304 4000 ἀπετόλ-

144 4053 228 4120 μησε
251 4029 373 4116 λέγειν,
411 4027 463 4098 ὅτι
484 4029 578 4120 παρὰ
599 4036 697 4099 τοῦτο
724 4030 896 4111 Φίλιππος
918 4025 977 4106 οὐκ
995 4023 1101 4118 ἦλθεν
1119 4026 1214 4120 ήμῶν
1234 4033 1305 4103 ε’πί

143 4130 202 4219 τήν
219 4129 346 4221 χώραν,
378 4124 432 4196 ὅτι
451 4126 510 4198 οὐκ
531 4123 573 4220 ήν
595 4126 686 4220 αὐτῷ
705 4133 792 4201 καλοὶ
811 4133 853 4201 τὰ
873 4127 958 4223 ἱεροί.
1000 4131 1072 4196 Ηοε
1092 4133 1165 4198 Ιοεο
1185 4135 1305 4203 Βελλε-

144 4255 214 4312 ιιιι,
242 4232 402 4312 Breucum,
426 4227 614 4314 Diodorfiuo
635 4258 680 4300 ex
702 4235 770 4302 ddl
794 4221 889 4324 ἡμῶν
915 4229 976 4312 εἰς
996 4230 1055 4320 τήν
1075 4233 1187 4323 χώραν
1208 4239 1304 4302 dode·

143 4349 230 4415 runt,
260 4335 346 4422 quod
365 4358 425 4421 per
449 4336 634 4432 sequidem
654 4349 741 4402 recte
764 4339 895 4405 diciturt
930 4357 995 4405 nou
1015 4339 1143 4402 intravit
1166 4340 1303 4402 enimin
