3030 5002
625 201 944 282 ..182-

570 373 610 445 ori
627 380 690 469 γάρ
712 375 746 445 οἱ
766 373 913 446 ἐναντίοι
932 374 1024 462 ἕζετ’
1045 364 1156 450 eidone.
1193 391 1209 399 ''
1267 381 1270 389 ’
1341 391 1346 398 “

409 487 533 560 κεῖνος·
561 479 638 546 ἐπεὶ
656 479 813 567 στυγερὸς
834 487 896 544 cte.
1189 567 1191 572 ,

287 581 329 646 V.
347 587 407 646 160
429 606 476 669 sq.
509 576 683 663 ἀχνύμενοι
703 576 740 647 d’
759 579 891 662 ἵκανον,
913 575 983 671 ὅπῃ
1008 578 1112 666 δόμος
1129 573 1187 670 ἦεν
1207 575 1363 663 ἑκάστου,

503 679 538 759 ἐς
561 679 665 763 λέχος.

204 781 290 848 Mire
312 785 430 848 dietum
450 792 518 846 est:
540 789 723 862 „venenmt
743 785 776 848 in
796 783 936 860 lection,
956 781 1013 847 ubi
1033 786 1278 870 uniuscuiusque
1299 785 1360 850 ba·

204 882 319 947 bitatio
340 890 441 949 erat.“
482 885 619 970 Egregie
640 908 716 949 vern
732 883 858 948 Monac.
880 881 950 950 καὶ
970 882 1077 964 λέχοςε
1099 883 1278 967 ‚,abiernnt,
1296 909 1360 973 qno
1393 919 1397 928 ·
1493 891 1494 954 i

205 987 583 1072 uniuscuiusqnedomus
603 994 673 1052 erat
694 994 790 1074 atque
810 986 947 1050 lectus.“

205 1126 221 1140 -·
283 1084 326 1151 V.
348 1094 410 1151 260
431 1109 478 1173 sq.
1084 1139 1090 1158 .

291 1179 338 1265 ὣς
365 1182 404 1254 οἳ
428 1182 508 1254 ἔσαν
528 1182 652 1254 πολλοὶ
676 1212 713 1256 τε
738 1185 796 1254 καὶ
823 1179 978 1277 ὄβριμοι,
1009 1177 1099 1275 ἀμφὶ
1124 1180 1161 1254 d'
1179 1179 1310 1275 dyved
1350 1223 1359 1258 ς

288 1280 465 1356 occtv'ec’
488 1287 729 1374 ἐπεσσομένων.

207 1385 325 1453 Versus
352 1393 444 1454 initio
464 1388 650 1475 Spinonem
668 1391 771 1472 blant.
792 1390 877 1455 obss.
898 1413 930 1475 p.
954 1393 1026 1452 216.
1047 1383 1234 1458 rectei‘onn
1254 1413 1363 1456 emen-

204 1488 301 1552 davit.
343 1489 469 1582 Deinde
489 1500 597 1557 autem
618 1515 689 1558 cnrn
709 1495 742 1557 in
764 1490 890 1556 Monac.
911 1490 1038 1574 legatur
1057 1482 1184 1575 ἀγυιαί
1189 1537 1199 1570 ,
1220 1491 1363 1564 insolen÷

203 1596 316 1674 terque
338 1593 455 1658 dietum
477 1595 522 1658 sit
550 1592 794 1677 ἐπεσσομένων
829 1592 869 1655 de
890 1590 1110 1655 incedentibus
1139 1601 1282 1675 tantum,
1304 1596 1363 1660 sed

205 1693 344 1756 nondum
375 1697 529 1779 impetum
561 1693 770 1774 facientibus,
796 1693 870 1756 vide
905 1713 945 1755 an
970 1699 1067 1777 poeta
1092 1693 1234 1758 dederit:
1274 1687 1364 1784 ἀμφὶ

203 1783 239 1854 d'
257 1784 370 1880 n'ynunl
389 1789 547 1864 crcivoec'
569 1793 764 1879 incriptione.
805 1792 857 1858 Cf.
879 1791 987 1878 Apoll.
1011 1790 1113 1856 Rbod.
1135 1796 1183 1859 lv.
1209 1800 1301 1860 1173.
1327 1795 1363 1862 ἐν

204 1888 243 1956 δὲ
262 1895 369 1982 θρόος
391 1891 489 1964 ἔσκον·
510 1889 696 1984 ἆγοιαῖς,
727 1902 761 1961 et
782 1893 936 1972 Quintum
963 1898 1068 1981 ipsum
1089 1891 1165 1958 Xll.
1196 1901 1270 1960 471.
1293 1893 1363 1964 ἐνε-

204 1987 369 2060 σιείνοντο
393 1991 430 2062 d’
453 1989 639 2084 ἀγυιαῖς.

288 2092 331 2159 V.
353 2103 413 2160 221
436 2120 504 2184 sqq.

328 2192 376 2276 ὥς
396 2191 429 2265 d'
452 2191 505 2265 ὅτ’
527 2190 721 2289 ἐρίγδουποι
741 2193 890 2282 ποταμοὶ
913 2196 1042 2284 μεγάλα
1067 2188 1266 2278 στενάχιοσο·

328 2294 376 2378 εἰς
395 2296 462 2366 c‘itn
486 2296 670 2386 χευάμενοι,
689 2294 744 2366 ὅτε
766 2298 971 2388 λαβρότατος
992 2297 1089 2365 πέλει
1109 2290 1237 2388 ὄμβρος

206 2441 208 2448 -
326 2396 364 2466 ἐκ
383 2397 485 2480 Διός,
515 2392 596 2468 εὖτ’-
609 2393 770 2468 citienses
790 2397 848 2467 ἐπὶ
875 2399 977 2488 νέφεα
995 2398 1190 2466 ·κτοπείοσιν

327 2494 490 2589 θηγόμεν’
515 2493 711 2587 ἀλλήλοισι,
745 2497 883 2589 πάρος
910 2495 944 2565 d'
968 2495 1118 2579 ἕξέσσοτ’
1149 2495 1271 2588 ἀϋτμή.
1429 2578 1431 2582 y

204 2591 397 2682 Tempestas
418 2599 608 2664 describitur
626 2600 744 2677 imbre,
776 2598 956 2663 tonitrubus
978 2609 1012 2664 et
1032 2600 1216 2676 fulminibus
1236 2601 1363 2668 torribi-

202 2694 254 2758 lis.
305 2697 371 2763 Sed
390 2703 541 2764 vitiosum
562 2709 596 2764 et
615 2701 711 2787 plane
733 2699 877 2786 putidum
900 2708 951 2763 est
972 2701 1083 2764 ultimo
1101 2725 1195 2766 versu
1217 2701 1362 2792 πάρος.

201 2795 447 2866 Primum-enim
467 2805 501 2866 in
520 2805 627 2868 vivida
648 2803 842 2868 eiuscemodi
873 2803 1086 2886 descriptione
1106 2812 1206 2889 poeta'
1224 2825 1288 2868 non
1315 2809 1364 2868 ita

202 2919 271 2963 rem
293 2903 463 2988 depingere
477 2908 599 2988 potuit:
628 2904 706 2986 „ubi
727 2903 828 2967 nubes
841 2912 1064 2968 concursantes
1077 2904 1237 2990 fragorem
1254 2906 1362 2986 edunt,

201 3007 292 3084 preire
320 3013 426 3068 autem
451 3005 584 3070 exsiluit
604 3007 764 3071 fulmen.“
806 3003 914 3070 Antea
935 3007 1076 3090 conspici
1098 3006 1236 3087 fulmen,
1263 3029 1363 3088 qnam

203 3105 353 3170 audiatur
372 3111 502 3188 tonitru,
528 3111 563 3174 id
584 3112 703 3174 diserte
732 3127 862 3173 monere
880 3107 1043 3189 scriptoris
1064 3114 1115 3168 est
1134 3107 1276 3190 physici,
1298 3131 1363 3173 non

201 3213 318 3288 poetae
344 3212 435 3293 epici.
479 3209 564 3276 Tum
593 3205 701 3296 α’ἱῑομὴ
730 3208 918 3293 simpliciter
945 3227 1009 3269 non
1037 3208 1144 3291 potnit
1166 3209 1206 3272 de
1228 3208 1362 3274 fulmine

203 3305 275 3370 dici.
326 3305 411 3374 Nam
437 3303 565 3397 ἀϋτμή,
593 3311 678 3397 qnod
704 3307 869 3374 descendit
895 3305 935 3370 ab
964 3297 1033 3388 dire,
1057 3331 1115 3393 per
1139 3330 1175 3372 se
1206 3307 1285 3372 nihil
1310 3317 1363 3376 est

202 3409 266 3471 nisi
287 3404 385 3496 πνοή.
426 3411 504 3476 Inde
525 3411 608 3498 apud
628 3410 805 3476 Homerum
827 3410 868 3476 de
888 3406 1019 3471 follibus
1036 3407 1229 3494 spirantibus
1245 3411 1371 3478 dicitur,

202 3509 239 3570 Σ.
259 3513 338 3586 471;
369 3513 409 3576 de
430 3518 534 3579 ventis
556 3513 706 3578 flantibus
740 3511 769 3577 1.
791 3516 872 3586 40ος
910 3509 950 3574 de
972 3510 1083 3593 spiritu
1106 3509 1198 3574 vitali
1234 3515 1261 3578 f.
1287 3520 1360 3594 609,

200 3610 244 3672 11.
264 3614 321 3684 89;
347 3612 386 3676 de
415 3618 610 3680 condensata
635 3613 805 3678 multorum
835 3611 996 3680 hominnm
1018 3609 1226 3694 exhalatione
1249 3611 1368 3690 Quinc,

72 3718 74 3723 ’
200 3705 261 3772 XI.
283 3714 361 3790 384,
391 3717 439 3777 uti
459 3716 606 3782 similiter
632 3719 697 3780 iarn
717 3714 934 3795 llomeruspu.
964 3715 1038 3774 369.
1059 3709 1168 3796 Apoll.
1191 3714 1292 3779 Rhod.
1315 3711 1355 3774 11.

200 3814 272 3874 666.
288 3816 358 3878 736.
402 3813 487 3880 Tum
508 3814 548 3888 Ξ.
575 3821 645 3880 174.
666 3816 706 3880 de
728 3817 844 3894 odore,
867 3833 960 3899 quem
982 3813 1100 3877 emittit
1123 3814 1239 3880 oleum.
1278 3809 1356 3874 Ubi·

200 3931 323 3998 cunque
345 3908 452 4004 oiiinpn}
474 3919 558 3982 nude
580 3919 619 3981 de
641 3920 714 4002 igne
736 3917 861 3993 dicitnr,
881 3919 970 3976 totus
989 3912 1081 3990 locus
1102 3938 1228 4002 semper
1244 3916 1290 3976 ita
1305 3919 1357 3992 cst

201 4025 417 4094 comparatus,
438 4025 476 4082 ut
496 4020 536 4083 de
555 4017 619 4082 alia
639 4018 825 4102 recogitari
846 4022 1000 4099 nequeat,
1022 4024 1058 4080 nt
1085 4019 1168 4104 apud
1182 4014 1357 4078 Ho'memm

207 4117 248 4178 Φ.
273 4120 344 4180 366.
369 4142 391 4182 ι.
417 4125 488 4183 389.
517 4128 550 4184 et
572 4118 727 4195 Quintum
745 4120 807 4186 vll.
828 4103 899 4179 571.
942 4115 984 4180 Η.
1003 4117 1027 4181 1.
1048 4129 1146 4199 poeta
1166 4115 1354 4198 scripserat:

204 4213 341 4306 πυρὸς
361 4212 562 4297 nithard
583 4213 703 4308 dilapsi.
745 4219 850 4304 Saepe
868 4216 1007 4292 Quintus
1019 4214 1357 4300 Homeriexemplurn

203 4318 265 4400 (π.
296 4324 368 4387 290.
404 4344 434 4388 ο.
462 4325 514 4386 20.
542 4321 648 4408 hymn.
682 4319 819 4388 Mercnr.
862 4324 954 4406 137.)
988 4327 1129 4386 secutusv
1143 4315 1225 4384 baec
1260 4339 1356 4386 voca&
1399 4371 1412 4390 .
