3044 4986
569 221 951 306 .-32-

227 399 386 488 qualitatis
406 394 533 480 catasta,
560 395 648 462 cuius
670 400 813 484 inprimis
831 395 1005 463 Isocratem
1029 393 1187 462 amantem
1208 395 1308 460 fuisse
1330 399 1391 462 soi·

225 524 314 581 ruus,
333 503 484 564 instituta.
522 497 596 563 hon
610 498 702 562 ahter
716 497 871 564 Isocrates
884 501 923 563 de
940 499 1050 563 Antid.
1069 502 1139 562 tat.
1167 494 1257 582 Adyo
1258 519 1306 562 ιιν
1326 496 1389 585 γὰρ

226 599 272 680 ὡς
293 603 345 667 δεῖ
362 599 440 678 τούς
458 597 639 684 μέλλοντας
657 593 840 665 ὃιοίσιιν”
818 625 837 686 η
853 597 940 689 περὶ
959 597 1037 678 τοὺς
1058 590 1221 686 λόγους“
1198 623 1218 720 ρ
1236 595 1315 698 napi
1329 595 1390 676 τὰς

154 684 156 700 ¹
225 693 406 791 πράξεις”
383 727 403 788 η
427 697 505 786 περὶ
523 695 583 777 τὰς
604 690 746 778 ἄλλοις
712 696 886 822 ιἱεργοισίας
901 703 1035 788 πρῶτον
1053 699 1115 786 μὲν
1136 694 1244 786 πρὸς
1261 701 1388 770 τοῦτο

171 837 179 848 ·
224 803 409 891 πεφυκέναι
428 800 552 878 καλῶς,
584 797 691 888 πρὸς
712 789 731 865 ii
753 794 795 865 ἂν
815 798 1044 889 προῃρημένοι
1070 797 1281 886 τυγχάνωσιν.
1325 799 1388 864 Hic

225 925 320 990 quum
334 901 432 966 verba
446 897 533 990 πρὸς
547 923 645 966 rouro
662 901 701 964 ad
717 923 788 964 eam
803 923 871 964 rern
886 913 1080 986 spectarent,
1101 921 1164 986 qua
1178 921 1333 986 quemque
1354 903 1388 964 in
1475 963 1481 972 ,

223 1027 259 1070 re
279 1007 434 1088 insignem
456 1003 595 1065 futurum
617 999 760 1082 dixerat,
793 1003 1027 1087 perspicuitatis
1048 1022 1163 1064 caussa
1185 1005 1319 1088 repetita
1339 1017 1389 1066 est

223 1106 416 1191 praepositio
429 1103 490 1166 hoo
504 1101 614 1178 modo:
637 1101 709 1167 dors
722 1123 788 1168 ruer
797 1102 865 1167 siclt
878 1109 919 1166 ιὀι
931 1101 1043 1166 Redeo
1053 1137 1094 1152 -·
1104 1104 1182 1168 oder
1193 1111 1388 1168 sonatrcorr'u

181 1257 183 1262 Α
223 1203 430 1272 amzeichnen
458 1203 539 1282 ιιιἸΙ,
577 1199 720 1265 hierarc
746 1201 923 1268 natdrliche
956 1202 1106 1287 Aulagen
1140 1202 1244 1270 hohen
1278 1215 1387 1286 mttere,

226 1303 404 1392 (uemlich)
425 1323 466 1367 zu
486 1303 596 1388 (dem)
617 1323 681 1365 was
696 1324 732 1366 er
743 1325 783 1366 su
800 1310 916 1370 reinero
931 1301 1189 1388 Bertffgetct'thlt
1200 1306 1265 1370 kat.
1303 1305 1388 1372 Nam

227 1429 268 1472 no
283 1407 352 1490 quis
371 1402 545 1492 διαφέρειν
558 1414 680 1488 repetat
697 1404 771 1488 (qua
783 1408 914 1491 quisque
928 1409 961 1470 iu
977 1429 1011 1470 re
1025 1406 1182 1472 excellere
1198 1405 1260 1472 sihi
1272 1431 1387 1494 propo-

225 1509 365 1585 suerit),
387 1507 518 1590 impedit
536 1505 619 1590 quod
632 1525 727 1588 supra
740 1500 834 1590 περὶ,
858 1529 921 1570 uon
935 1506 1022 1594 πρὸς
1036 1508 1150 1570 dictum
1165 1521 1223 1573 est.
1260 1509 1383 1574 Eodem

224 1609 320 1673 modo
336 1606 419 1690 apud
435 1605 570 1690 Lycurg.
583 1604 605 1668 l.
620 1629 647 1668 c.
664 1598 712 1680 εἰς
731 1595 811 1669 αὐτὸ
833 1609 930 1672 τοῦτο
951 1608 992 1672 ad
1014 1599 1241 1694 ἀποθνήσκειν
1260 1612 1383 1676 refero:

225 1707 303 1774 eheu
315 1705 437 1769 hiereis
450 1708 503 1770 dre
511 1703 623 1786 §truse
637 1715 704 1768 retz
687 1727 762 1786 ιιι,
783 1705 947 1770 nemlich'
931 1729 966 1770 ιι
983 1708 1040 1772 das
1053 1729 1118 1771 ιοοι
1129 1715 1176 1774 eie
1192 1731 1242 1773 am
1255 1717 1385 1776 creater

215 1808 382 1892 jitrchten.
413 1803 526 1892 Neque
538 1805 630 1870 ahter
641 1804 792 1890 Xenoph
797 1799 950 1892 Vectigg.
964 1807 1021 1874 lv.
1040 1813 1087 1872 13.
1109 1802 1181 1874 ἀπ’
1197 1834 1239 1876 ιιι
1231 1831 1305 1876 utor
1323 1813 1385 1895 μὲν

225 1902 284 1978 οὖν
310 1903 412 1994 ἔγωγε
439 1900 511 1996 cipr’
529 1894 576 1972 ὧν
594 1904 705 1990 μέλλω
728 1907 835 1993 λέγειν
860 1901 957 1975 ovddr
977 1933 1010 1974 ιι
1031 1935 1070 1988 οι
1059 1908 1114 1974 “tro
1099 1907 1384 1993 θαυμάζεσθαι.

223 2012 314 2078 Unus
327 2008 417 2128 locps
432 2020 576 2093 superest
589 2030 643 2108 qpr
634 2007 732 2071 huic
747 2011 860 2072 rationi
876 2022 1047 2094 repugnet,
1069 2008 1166 2073 isocr.
1183 2011 1317 2074 Panath.
1332 2018 1383 2077 os.

223 2104 341 2234 ij³ttd²²
347 2101 406 2174 otiu
427 2106 470 2174 ἐκ
490 2103 649 2174 τούτων
669 2102 807 2227 ἔφερον,
841 2098 958 2188 ἕξων
979 2135 1076 2176 αοιοι
1066 2109 1272 2191 draconar,
1301 2107 1382 2178 ἄλλ

225 2204 296 2303 ἀφ’
314 2199 364 2276 ὧν
392 2202 475 2275 δι’ζ
454 2234 474 2296 η
476 2210 543 2290 μᾶς
568 2199 674 2290 εἶχον,
706 2212 780 2295 quia
798 2212 831 2274 in
855 2209 961 2274 serbis
978 2213 1149 2296 praedictis
1171 2233 1234 2277 uon
1252 2222 1302 2277 est
1320 2237 1382 2300 quo

221 2310 347 2381 τούτων
364 2311 475 2374 referri
489 2312 600 2394 possit.
644 2306 718 2385 Qua
739 2335 774 2376 re
793 2315 854 2376 nisi
873 2313 955 2376 forte
974 2311 1149 2395 lsocrateS,
1176 2325 1212 2376 ut
1229 2317 1384 2382 antitheta

223 2412 371 2502 aequalia
382 2422 505 2489 essent,
519 2412 613 2474 etiarn
624 2413 708 2497 quod
722 2414 762 2477 ad
780 2416 968 2478 sententiam
985 2417 1126 2500 ineptum
1142 2427 1226 2500 ¹esset
1240 2420 1384 2502 scripsis-

223 2538 259 2580 se
275 2513 452 2599 putabitur,
474 2514 612 2596 suspicio
628 2526 732 2576 estne
749 2513 841 2586 illum
859 2514 968 2579 'locum
990 2515 1113 2579 librarii
1133 2515 1186 2580 vel
1203 2515 1240 2582 ἐκ
1256 2517 1386 2586 τούτων

223 2615 275 2681 vel
290 2612 327 2690 ἐξ
341 2608 486 2674 addendo
502 2614 707 2694 corruperint.
751 2611 817 2675 Sed
835 2615 985 2699 quidquid
999 2613 1092 2676 huius
1106 2618 1152 2677 rei
1170 2629 1236 2694 est,
1259 2621 1384 2682 etiamsi

135 2753 137 2758 ·
222 2723 267 2783 ita
294 2714 450 2777 isocrates
478 2731 542 2772 non
570 2712 665 2774 modo
694 2707 873 2796 scripserit,
902 2713 961 2776 sed
988 2725 1075 2776 recte
1097 2724 1129 2776 et
1148 2717 1383 2781 accommodate
1481 2725 1484 2734 ⁴

222 2808 399 2901 scripserit,
412 2823 526 2895 ¹tamen
540 2823 627 2874 tanta
640 2827 688 2876 est
701 2815 769 2876 eius
783 2812 847 2877 loci
864 2835 885 2876 a
894 2835 957 2898 quo
973 2812 1052 2878 haec
1068 2815 1223 2898 digressio
1237 2817 1382 2900 profecta

223 2933 271 2984 est
285 2911 523 2992 dissimilitudo,
545 2917 816 2998 quantamaxima
835 2927 941 3000 potest
960 2937 1042 2979 esse.
1083 2912 1169 2979 Nam
1192 2915 1381 2998 Aeschines,

223 3041 317 3109 quum
331 3015 382 3079 hic
397 3013 534 3078 locus
507 3035 554 3078 src
571 3016 705 3099 scriptus
725 3014 935 3082 habeaturt¹
918 3040 961 3083 εκ
981 3009 1080 3082 τίνων
1100 3013 1189 3083 εστὶν
1208 3015 1382 3107 ἐπιτηδευ-

220 3118 351 3208 μάιιονς
374 3114 415 3181 ἐκ
435 3109 560 3180 τούτων
579 3103 672 3192 ἐξ
643 3140 690 3182 ων
711 3109 811 3184 αυτὸν
832 3119 925 3198 cett,
945 3118 1009 3181 nisi
1028 3113 1067 3194 ἐξ
1081 3119 1231 3202 scriptum
1244 3122 1382 3206 quidem,

175 3300 178 3305 Α
222 3216 357 3288 sednon
371 3216 639 3339 pronunciandum
655 3230 708 3280 aut
725 3220 994 3311 interpretandum
1007 3216 1181 3300 videbitur,
1201 3223 1276 3340 qpid
1294 3223 1382 3289 aliud

223 3325 304 3388 dixit
333 3341 426 3406 quam
453 3314 490 3382 ἐκ
516 3339 614 3382 τινων
648 3315 738 3384 ἐστιν
770 3317 1059 3410 &commandatum
1104 3317 1141 3386 ἐκ
1170 3345 1309 3402 coactor,
1344 3321 1382 3390 ἐκ

222 3423 347 3490 τούτοιν
367 3407 419 3485 ὧν
434 3416 526 3481 cotti
548 3415 645 3501 Apud
658 3414 829 3486 [socratem
840 3420 972 3486 verbum
986 3421 1125 3485 saltem
1116 3435 1198 3486 mter
1208 3419 1244 3488 ἐκ
1258 3423 1383 3492 τούτων

184 3576 186 3587 .
223 3539 255 3590 et
278 3509 376 3600 ἕξων
396 3521 616 3603 interpositum
639 3533 704 3602 est,
727 3545 789 3608 quo
812 3515 931 3588 auditio
954 3545 1123 3608 parumper
1140 3523 1346 3608 inhibetur,
1336 3542 1383 3594 rta

182 3625 183 3630 ’
221 3636 359 3690 atcerte
383 3620 614 3705 quodammodo
637 3628 785 3688 excusari
806 3647 902 3709 posse
925 3625 1069 3690 videatur
1090 3624 1278 3691 vocabulum
1298 3623 1381 3694 nuuc
1406 3627 1409 3637 '

221 3733 325 3813 ipsum
340 3723 479 3804 auditum
493 3732 525 3785 et
540 3720 642 3785 adhuc
656 3725 689 3787 in
705 3725 833 3788 auribus
846 3727 1039 3790 audientium
1052 3749 1169 3791 sonans
1181 3731 1298 3812 ropeti3
1322 3729 1380 3793 sed

221 3831 254 3892 in
268 3823 428 3890 Aeschine
447 3822 595 3907 quidnam
609 3828 826 3890 excusationis
846 3826 914 3891 esti
954 3827 1101 3894 Profecto
1116 3833 1178 3894 nisi
1193 3831 1381 3896 dormivisse

221 3941 380 3992 oratorem
399 3925 557 4003 dicemus,
588 3924 685 3989 aliern
704 3939 758 3989 aut
781 3921 1072 4014 interpretationem
1093 3929 1380 4015 circumspiciamus

222 4042 276 4092 aut
295 4029 490 4111 scripturam.
532 4021 617 4088 Nam
636 4022 744 4090 verba
758 4018 843 4106 ἐξ
758 4053 862 4097 sor
883 4024 1002 4111 αὐτόν,
1030 4035 1059 4096 si
1081 4032 1144 4097 ah
1135 4056 1205 4140 rpso
1219 4030 1380 4102 Aeschine

170 4172 175 4180 ·
221 4130 369 4214 profecta
378 4139 501 4205 essent,
524 4126 637 4190 eodem
658 4129 753 4192 nrodo
776 4153 847 4194 cum
861 4129 1034 4254 πράξανιρι
1051 4135 1197 4217 coniungi
1188 4130 1382 4214 dehebant,

222 4253 284 4316 quo
316 4222 472 4316 πράττειν
492 4219 528 4289 ἐκ
548 4249 637 4304 τινος
657 4225 782 4369 ψρφίσι
785 4255 875 4354 torpe
896 4235 962 4296 sive
984 4228 1086 4355 νόριον
1107 4238 1174 4298 sive
1194 4227 1381 4320 επιιοέγμοι-
1412 4275 1414 4278 -

221 4355 278 4409 νος
297 4331 417 4393 dicitur.
457 4325 506 4390 cf.
519 4325 544 4390 1.
560 4333 641 4413 79.ρ
628 4355 675 4416 μη
695 4328 861 4416 etipsa*
840 4359 882 4400 aa
904 4358 974 4400 ιον
995 4335 1098 4421 νόμον
1119 4326 1145 4420 ᾖ
1161 4331 1382 4424 ψηφίσματος
