3044 4986
248 345 342 434 g'ntae
370 339 417 422 ἀς
438 334 625 421 ἀδυνάτων,
651 349 753 410 'urias
774 345 957 410 mutationis
978 346 1095 413 instant
1115 361 1243 410 cansam
1259 353 1342 408 esse
1371 345 1404 410 lu

248 449 316 510 iure
339 447 462 530 negasti
482 447 516 508 in
538 444 674 528 epistola
695 447 735 510 ad
755 443 970 516 Hermannum
987 449 1085 538 plait).
1127 442 1197 510 Nec
1220 444 1315 534 lpnge
1332 465 1405 530 pro·

246 547 332 611 iacto
350 547 445 609 distat
462 544 502 612 ab
522 543 584 610 illo.
602 569 660 610 usu
682 547 765 634 quod
781 545 898 630 legitur
909 544 1005 612 Caes'.
1019 563 1046 610 e.
1060 542 1130 608 LV.
1157 542 1354 633 τηλικαύτην
1381 540 1402 632 ἦ

247 645 362 724 στάσις
389 637 616 734 ἀπειργάσατο
642 643 818 738 συμφοράν
844 643 900 713 καί
927 648 1088 714 ’τοσοῦτον
1115 638 1326 732 ἀπανάλωσε·
1343 649 1404 712 τοῦ

247 742 354 833 δήμου
380 744 481 834 μέρος
509 741 572 824 ἔξω
601 749 661 812 τοῦ
690 743 790 832 λόγον
821 746 1010 831 τιθεμένοις
1034 743 1092 814 τά.
1113 741 1317 828 κατασχόντα
1345 743 1403 833 τὴν

246 840 352 936 ἀλλην
366 841 506 914 Ἰταλίαν
526 840 715 932 ἀτυχήματα
736 844 794 912 καί
812 845 872 925 τάς
889 844 1068 937 ἐπαρχίας,
1090 847 1146 915 nbi
1168 862 1253 914 recte
1276 832 1403 933 quidem

245 952 280 1016 in
308 953 487 1014 unirersum
512 948 727 1040 accipiendum
752 971 823 1014 esse
852 951 990 1020 dativum
1022 947 1212 1032 τιθεμίνοις
1241 951 1402 1012 adnotavit

248 1050 449 1128 Schaelcrus,
467 1049 526 1114 sed
535 1050 655 1112 Iniuria
669 1047 850 1116 absolutum
864 1053 954 1116 dixit.
995 1049 1109 1116 Invita
1124 1049 1234 1134 Pomp.
1246 1073 1272 1114 c.
1279 1049 1401 1114 LXIV.

244 1151 373 1240 μεγάλη
409 1140 449 1235 ἧν
485 1145 577 1238 ῥοπὴ
612 1147 698 1237 πρὸς
730 1147 769 1218 τό
806 1157 948 1242 θαρρεῖν
975 1155 1046 1229 ,τοῖς
1080 1146 1187 1240 ὁρῶσι
1220 1149 1403 1236 Πομπήιον

245 1252 443 1338 Μάγνον-
458 1244 603 1338 ἱππότην
623 1245 799 1334 ἑλκόμενόν
818 1277 853 1322 τε
870 1251 908 1320 τό
931 1249 1029 1342 ξίφος
1047 1245 1271 1340 ἀπραγμόνως
1280 1250 1404 1322 θέοντι

244 1357 293 1440 τῷ
310 1350 406 1438 ἵππῳ
421 1346 478 1414 καί
490 1347 725 1420 κατακλείοντα
744 1351 848 1420 πάλιν
861 1349 1001 1442 εὐχερῶς
1014 1367 1079 1418 ενα·
1094 1355 1191 1444 dativi
1208 1357 1289 1418 aa.
1304 1347 1401 1436 ’ίππῳ

246 1457 398 1538 temporis
413 1454 533 1516 notioni
546 1455 733 1532 inserviunt,
755 1452 837 1521 bene
856 1458 953 1540 igitur
966 1477 1010 1520 ex
1023 1459 1093 1540 ipsa
1109 1455 1205 1518 dativi
1218 1467 1329 1520 natura
1342 1475 1401 1516 ex·

168 1591 170 1598 1
244 1555 358 1642 plicari
368 1565 509 1638 possunt.
552 1552 618 1618 Sed
632 1575 672 1617 ne
694 1566 780 1621 tuam
802 1568 931 1621 onerem
949 1559 1149 1642 patientiam,
1170 1577 1266 1620 nntrm
1280 1568 1401 1620 tantum

245 1656 359 1722 addam
371 1651 494 1734 locum,
508 1656 541 1718 in
556 1675 617 1739 quo
632 1653 673 1718 ab
686 1678 748 1723 nno
766 1675 878 1723 omnes
887 1672 932 1724 sc·
943 1661 1048 1743 decipi
1062 1660 1150 1743 passi
1163 1670 1235 1724 sunt
1251 1659 1400 1735 editores,

244 1769 280 1823 nt
292 1757 429 1820 dativum
446 1758 618 1840 participii,
642 1757 706 1820 alia
725 1761 852 1842 quidem
870 1763 1028 1824 sententia
1046 1771 1246 1843 usurpatum,
1266 1781 1401 1842 repone-

243 1870 325 1924 rent.
359 1855 530 1920 Cic-cVI.
551 1849 767 1938 ἀποδειχθείς
793 1859 830 1926 δὲ
851 1857 973 1944 ταμίας
992 1858 1027 1926 ἐν
1049 1855 1196 1946 σιτοδείᾳ
1215 1857 1274 1928 καί
1293 1856 1402 1939 λαχολν

244 1953 398 2026 Σικελίαν
420 1948 589 2045 ἠνώχλησε
613 1962 683 2035 τοῖς
711 1951 910 2048 ἀνθρώποις
931 1959 966 2026 ἐν
993 1953 1080 2048 ἀρχῇ
1100 1965 1191 2026 σῖτον
1211 1955 1258 2037 είς
1276 1954 1401 2047 Ῥώμην

244 2053 462 2128 ἀποστέλλειν
490 2051 861 2144 ἀναγκαζομένοις.
917 2059 966 2126 Ita
999 2063 1198 2145 scripserunt¹
1219 2059 1339 2126 Corace
1369 2073 1401 2124 et

243 2160 437 2226 Schaeferus
453 2181 497 2224 ex
512 2158 635 2224 Reiskii
654 2165 836 2226 coniectura
859 2183 917 2246 pro
940 2152 1289 2246 ἀναγκαζόμενος,
1319 2177 1401 2247 quae

221 2264 386 2340 'maxilua
415 2262 549 2326 videtur
565 2284 817 2346 supervacanea,
858 2263 1014 2350 siquidem
1047 2261 1126 2330 nihiI
1151 2265 1283 2348 impedit
1323 2285 1400 2349 quo-

148 2403 159 2426 .
237 2367 349 2428 'minus
366 2366 436 2448 ipse
456 2363 571 2429 Cicero
592 2377 758 2454 quaestor,
787 2387 882 2452 quum
902 2385 1045 2430 annonae
1069 2367 1183 2428 caritas
1202 2376 1305 2445 esset,
1335 2365 1401 2428 Iru-

237 2477 384 2548 mcntum
406 2463 540 2530 Romam
564 2470 688 2530 mittere
710 2469 807 2531 etita
827 2465 943 2530 Siculis
961 2468 1090 2549 negotia
1102 2465 1260 2531 facessere
1275 2479 1402 2532 coactus

244 2567 345 2632 fuisse
364 2567 504 2646 dicatur,
534 2568 618 2651 quod
636 2580 722 2632 tanto
740 2571 843 2651 magis
864 2567 965 2633 doluit
984 2565 1118 2648 Cicero,
1138 2589 1198 2654 quo
1214 2571 1317 2652 magis
1330 2570 1401 2652 ipso

243 2669 314 2732 miti
331 2679 362 2730 et
376 2663 512 2751 benigno
527 2669 629 2733 ineos
646 2671 752 2744 animo
765 2669 835 2738 tuit.

294 2958 298 2962 .
327 2867 375 2934 lb.
391 2891 460 2954 cap.
479 2868 605 2934 XXIII.
634 2866 687 2936 ὅτι
707 2866 766 2936 καί·
787 2892 873 2960 φασι
893 2867 952 2960 τὴν
975 2867 1037 2952 μὲν
1057 2865 1315 2948 adtendendam
1339 2895 1400 2954 με-

241 2967 346 3059 γάλης
373 2972 547 3059 γενομένην
575 2965 743 3056 ἑορτάζειν
768 2965 942 3058 εὐαγγέλια
967 2975 1107 3054 συνεχῶς
1131 2970 1188 3038 καί
1206 2966 1305 3038 «λύειν
1329 2977 1401 3050 τοῖς

242 3075 355 3150 Ιθεοῖς,
377 3068 435 3138 τὸν
454 3072 491 3138 δὲ
512 3068 675 3140 Φωκίωνα
695 3071 782 3162 πρὸς
802 3070 879 3150 τούς
899 3071 1040 3158 ἐλέγχειν
1060 3065 1161 3139 αὐτὸν
1178 3071 1401 3156 βουλομένους

243 3171 301 3240 καί
321 3171 609 3254 πυνθανομένους,
631 3167 662 3238 εί
679 3168 774 3240 ταῦτ>
789 3168 849 3240 οὐκ
870 3167 911 3239 ἀν
931 3164 1054 3260 ἤθελεν
1075 3168 1165 3259 crispi
1181 3177 1399 3262 πεπρᾶχθαι,

243 3273 333 3342 πάνυ
360 3271 422 3357 μὲν
451 3265 524 3350 οὖν,
554 3270 698 3361 φάναι,
732 3275 984 3359 βεβουλεῦσθαι,
1007 3267 1044 3340 d'
1061 3273 1185 3341 ἐκεῖνα·
1220 3272 1277 3340 καί
1296 3271 1401 3341 πάλιν

241 3368 354 3442 ἀλλων
392 3367 451 3439 ἐπ’
475 3365 592 3452 ἀλλοις
624 3370 822 3464 εὐαγγελίων
861 3377 1080 3466 γραφομένων
1113 3375 1172 3442 καὶ
1207 3375 1400 3465 φερομένων

243 3469 402 3544 ἀπὸτοῦ
431 3476 674 3562 στρατοπέδου,
716 3478 799 3546 πότε
826 3468 907 3566 ἀίρα,
956 3473 1078 3562 φάναι,
1118 3477 1322 3561 παυσόμεθα
1350 3502 1400 3543 νιε

243 3577 379 3668 amarem
428 3574 520 3641 Prius
542 3573 760 3664 odacadedit
779 3579 906 3645 Schaei.
926 3601 984 3665 pro
1010 3601 1050 3644 eo
1079 3581 1162 3664 qnod
1182 3583 1215 3644 in
1235 3579 1326 3646 libris
1350 3585 1400 3644 est

242 3672 324 3765 ἔφη,
355 3677 440 3761 quod
462 3697 538 3740 sane
562 3680 689 3766 quidem
709 3683 785 3746 farri
806 3681 857 3746 hic
879 3702 942 3744 non
960 3692 1083 3764 potest,
1104 3703 1206 3767 neque
1222 3695 1350 3760 tamen,
1370 3685 1399 3746 si

196 3812 201 3819 ·
243 3781 393 3862 scriptum
410 3777 522 3842 fuisset
540 3801 561 3842 a
577 3779 764 3863 Plutarcho,
784 3786 1003 3848 immutaturor
1021 3781 1229 3854 suissecredn
1241 3783 1397 3849 librarios.

243 3878 344 3944 Irutao
365 3878 510 3952 additum
532 3877 639 3945 abeis
661 3894 757 3967 puto,
789 3888 852 3970 qui.
866 3907 961 3969 quum
981 3884 1093 3948 deesse
1114 3885 1256 3950 viderent
1272 3884 1399 3947 dicendi

245 3978 377 4046 Verbum
397 3979 533 4065 (scilicet
550 3982 633 4052 inira
654 3987 760 4048 satiro
774 3989 916 4072 seqnitur
939 4023 978 4034 -
1004 3982 1086 4052 πότε
1105 3977 1190 4075 ίίρα,
1213 3978 1318 4072 φάναι
1339 3987 1396 4061 4,

245 4092 389 4165 utsupra
402 4083 479 4165 poni
493 4087 705 4152 necessarium
718 4108 782 4152 non
797 4088 901 4168 inerit,
915 4090 1099 4172 praesertim
1113 4086 1216 4152 verbis
1230 4079 1318 4148 πάνυ
1331 4085 1400 4172 μὲν

246 4171 307 4254 ὑόν
327 4184 404 4248 satis
420 4195 528 4268 operte
548 4189 788 4272 responsionem
802 4189 1060 4274 monstrantibus)
1083 4182 1150 4276 ἔφη
1161 4205 1330 4272 perpetuen
1343 4186 1399 4251 ad·

469 4363 476 4392 Ι

1442 1173 1447 1208 Ι
