3026 4992
131 1319 181 1426 ln
196 1363 385 1428 societatem
409 1385 557 1450 graecam
574 1364 731 1430 admissus
748 1345 820 1426 curn
834 1365 963 1458 saepius
988 1361 1027 1426 de
1047 1359 1173 1437 Quinto
1185 1357 1293 1442 Smyr·

68 1477 71 1484 ⁴
130 1504 232 1565 naec,
256 1488 309 1573 qui
330 1485 569 1570 scriptor‘forte
591 1484 719 1548 fortuna
739 1485 773 1546 in
790 1503 902 1546 manus
925 1487 1077 1561 venerat,
1100 1477 1291 1565 disputaris*

132 1603 201 1666 'sem
222 1604 427 1688 videremque
443 1595 528 1666 'eum
555 1604 742 1687 scriptorem
758 1623 841 1666 nova
862 1602 1003 1665 editione
1026 1607 1059 1664 et
1082 1583 1160 1684 prae
1178 1599 1294 1662 ceteris

132 1741 204 1784 esse
221 1701 434 1806 indigentem,
463 1741 566 1806 neque
587 1706 695 1783 multis
721 1719 792 1782 aliis
805 1721 1032 1804 indigniorem,
1061 1717 1208 1796 tandem,
1230 1717 1295 1778 nisi

132 1837 213 1902 alius
228 1859 279 1904 me
294 1847 382 1904 esset
396 1845 644 1925 praeventurus,
662 1841 731 1922 ipse
748 1837 840 1901 buius
853 1843 971 1922 poetae
993 1835 1179 1900 recensendi
1203 1832 1295 1898 labo·

121 1939 200 2019 'rem
213 1959 246 2021 iu
265 1979 317 2022 me
336 1959 498 2042 suscipere
518 1959 679 2021 constitui.
723 1956 827 2032 Quam
847 1956 887 2020 ad
901 1956 1094 2039 provinciam
1108 1959 1143 2016 ut
1160 1955 1221 2016 rite
1241 1973 1296 2023 ao·

132 2067 301 2156 cederem,
319 2113 358 2124 —-
380 2077 582 2162 nequeenim
599 2059 890 2160 desultoria'opera
911 2095 979 2137 rem
998 2073 1209 2157 praecipitare
1226 2069 1296 2153 pla-

132 2189 274 2272 cuit-,
285 2183 368 2258 ¹oum
389 2203 513 2258 eeteros
532 2197 657 2278 epicos,
679 2202 747 2259 tum
765 2179 918 2268 Quintum
933 2192 1122 2252 accuratiori
1136 2196 1170 2279 et
1183 2190 1297 2272 acriori

132 2309 240 2370 studio
255 2318 438 2373 constanter
452 2301 647 2395 pertractare
661 2312 809 2394 perrexi,
831 2328 890 2372 neo
908 2292 1086 2387 deluit,·'si
1115 2327 1195 2390 quae
1219 2325 1296 2368 vera

135 2431 193 2488 aut
215 2421 396 2508 probabilia
421 2403 500 2490 mibi
529 2429 690 2490 invenisse
713 2426 840 2489 viderer
865 2425 899 2488 iu
930 2425 1118 2487 societatem
1146 2415 1295 2507 graecam

132 2543 335 2625 attulissem,
362 2545 542 2610 Hermanno·
566 2547 716 2610 iudicium
743 2543 806 2608 alia
826 2541 992 2628 probantis
1018 2539 1081 2603 alia
1110 2542 1294 2605 reiioientis.

130 2660 300 2726 Postremo
326 2663 493 2727 eonsilium
516 2663 638 2727 indies
658 2661 837 2727 stabilitum
859 2662 1062 2740 Hermanno,
1084 2663 1296 2746 quem'optu-

130 2803 217 2846 mum
236 2782 315 2846 mihi
335 2783 403 2846 lore
430 2803 594 2845 suasorem
620 2780 780 2860 sciebam,
803 2783 925 2866 aperire
952 2802 1048 2844 ausus
1072 2771 1175 2863 magis
1199 2770 1297 2843 etiam

132 2898 172 2962 ab
195 2921 252 2980 eo,
274 2909 311 2964 ut
330 2902 463 2985 impigre
489 2901 522 2963 in
547 2903 712 2985 proposito
734 2901 957 2986 persisterem,
986 2921 1057 2963 sum
1082 2896 1296 2961 confirmatus.

132 3017 244 3106 ltaque
266 3021 381 3083 itinere
408 3016 563 3086 antelios
589 3018 668 3081 duos
688 3039 788 3081 anuos
808 3015 1012 3081 Monaobium
1034 3019 1136 3095 facto,
1158 3016 1297 3100 hacop-

132 3145 271 3222 portuna
292 3157 370 3200 usus
392 3157 462 3200 sum
481 3137 666 3217 occasione,
685 3142 723 3200 ut
743 3136 885 3200 codicem
904 3131 1017 3210 Quinti
1042 3121 1182 3229 omniurn
1205 3155 1297 3218 prae-

131 3259 390 3336 stantissumum,
412 3257 465 3342 qui
486 3258 575 3319 inea
595 3253 674 3318 urbe
689 3251 889 3336 asservatur,
909 3257 1025 3320 iterum
1045 3251 1298 3336 diligentissume

70 3354 80 3363 “
133 3389 362 3457 compararem}
392 3370 508 3449 ¹Quem
537 3369 681 3438 laborem
701 3381 738 3439 ut
758 3348 828 3438 sine
850 3371 1037 3451 difficultate
1060 3371 1196 3456 exsequi
1218 3353 1298 3436 mibi

131 3490 263 3572 liceret,
290 3495 409 3558 factum
440 3493 630 3581 estinsigni
653 3490 840 3556 licendu'rdc‘
858 3477 1042 3577 Spengelr'c',
1068 3489 1128 3552 viri
1155 3487 1297 3554 celeber·

131 3609 215 3689 rimi,
238 3605 476 3689 benevolentia,
500 3612 555 3695 qui
575 3609 692 3674 litteris
706 3611 886 3675 Hermoni
900 3631 921 3674 a
939 3630 992 3672 me
1012 3605 1074 3671 sibi
1091 3605 1224 3671 redditis
1243 3629 1296 3673 rue

132 3734 168 3791 et
191 3725 425 3792 humanissume
450 3731 579 3814 recepit·
601 3733 686 3794 etin
707 3728 926 3814 Kralingeri,
947 3725 1162 3818 bibliothecae
1183 3727 1296 3793 Mona·

132 3848 237 3910 oensis
260 3847 418 3926 custodis,
445 3851 593 3913 notitiam
618 3837 808 3913 introduxit.
850 3847 882 3913 ls
907 3866 1092 3924 varocum,
1124 3847 1199 3932 quid
1233 3870 1294 3934 ego

121 3969 288 4051 agitarem
308 3967 432 4042 animo,
457 3971 683 4054 comperisset,
704 3975 738 4031 ot
757 3967 845 4031 illius
867 3967 986 4031 codicis
1008 3985 1100 4028 usum
1121 3963 1199 4028 mihi
1223 3988 1294 4051 per·

131 4087 220 4148 misit
239 4085 539 4162 commodissnmum
559 4094 609 4166 et,
630 4107 833 4174 quaecuuque
852 4107 912 4171 ego
929 4090 1096 4171 praeterea
1115 4105 1159 4147 ex
1178 4082 1294 4178 biblio·
1332 4106 1334 4112 ’

132 4201 246 4269 thecae
258 4193 465 4271 Monacensis
483 4203 695 4289 amplissumis
714 4207 814 4293 copiis
827 4195 1010 4270 ¹accuratius
1029 4215 1222 4288 cognoscere
1240 4223 1293 4265 cu-

132 4320 276 4406 piebem,
304 4341 345 4390 ea
367 4327 473 4390 omnia
495 4325 705 4410 inspicienda
724 4333 759 4391 et
781 4321 954 4392 volutando
973 4309 1060 4389 'mihi
1083 4317 1294 4409 paratissnme

1009 4459 1087 4532 110
