3026 4992
212 345 304 430 filiae
322 357 494 445 legitimae
520 357 591 425 iura
626 361 809 435 tuerentur,
836 373 901 420 non
930 353 1079 420 debuisse
1103 354 1307 436 ammittere,
1334 361 1374 418 ut

211 461 332 530 Endius
352 467 460 542 spreto
482 459 551 522 eius
564 455 721 521 connuhio
742 457 921 522 hereditate
941 459 1109 538 potiretur,
1127 454 1209 518 haec
1223 453 1371 520 subiicitt

184 570 189 579 '
213 555 287 630 ἀλλ’
309 553 455 647 d'youe',
472 560 570 625 τοῦτο
590 555 652 639 μὲν
674 555 749 644 (τὴν
772 551 899 624 Ἔνδίου
922 552 1149 638 ἐπιδικασίαν)
1173 551 1231 620 καὶ
1250 555 1373 620 λαθεῖν

213 656 349 752 φήσαιτ’
365 653 405 728 dv
423 657 546 742 ὑμᾶς,
566 661 590 721 ἱ.
604 681 636 722 θ..
656 667 691 724 at
712 661 817 724 dicere
831 662 973 740 possitis,
996 656 1089 722 vebis
1102 679 1165 722 non
1181 659 1372 735 innotuisse,

212 787 285 829 curn
305 761 416 846 Pyrrhi
444 759 604 826 hereditas
633 759 673 824 ab
701 759 804 824 Endio
832 769 1012 840 peteretur,
1040 768 1074 825 et
1102 767 1275 841 propterea
1299 766 1370 821 tum
1495 797 1496 808 κ

213 866 357 952 quidem,
388 863 473 949 quod
499 862 541 926 ad
568 862 719 924 tuendam
746 860 846 925 filiam
874 859 1012 926 evehis
1039 862 1158 926 lactum
1187 857 1371 941 oportebat,

84 960 88 968 ’
211 967 312 1030 fuisse
332 966 600 1046 praetermissum.
643 959 747 1036 Quem
767 963 875 1026 lecum
895 963 1056 1048 quomodo
1083 985 1155 1027 cum
1178 970 1289 1026 nostro
1311 983 1371 1041 po·

211 1069 310 1132 tuerit
340 1086 538 1146 comparare.
554 1062 795 1128 Schoemannus
823 1065 968 1145 proiecto
996 1085 1061 1154 acu
1089 1085 1251 1149 assequor.
1302 1061 1371 1124 Sed

212 1167 368 1253 estquod
388 1169 489 1251 ruagis
510 1187 562 1230 me
592 1166 734 1230 offendat
761 1164 929 1230 hocloco.
974 1164 1107 1229 Scilicet
1133 1185 1228 1245 supra
1249 1168 1369 1240 orator,

211 1291 293 1358 quae
313 1267 470 1338 Phileex
486 1267 632 1352 legitimo
654 1265 813 1332 connubio
834 1276 1004 1348 procreata
1025 1274 1116 1330 erant
1136 1265 1299 1342 facienda,
1327 1283 1370 1328 aa

211 1397 233 1438 a
252 1370 430 1437 Nicodemo
461 1369 548 1433 iacta
574 1375 762 1454 negaveram
789 1371 984 1434 testimoniis
1007 1371 1091 1432 enim
1120 1365 1225 1430 allatis
1253 1363 1369 1447 proha·¹

209 1482 316 1567 amat?
333 1464 546 1540 ἐπιδικασίαν
565 1473 633 1534 tum
655 1472 763 1534 statim
785 1469 825 1534 ab
846 1470 951 1536 Endio
974 1489 1045 1534 esse
1066 1472 1262 1546 institutam,
1291 1464 1368 1530 ὁια-

210 1571 397 1665 μαρτυρίαν
417 1581 550 1651 autem‚.
562 1571 774 1634 hereditatem
793 1593 858 1637 non
878 1593 974 1654 posse
997 1573 1085 1652 capi,
1113 1571 1199 1657 quod
1217 1567 1285 1631 filia
1306 1587 1370 1630 exe

210 1685 312 1744 staret
325 1675 470 1762 legitima
488 1669 678 1760 ἐπίκληρος,
692 1695 712 1736 o
725 1670 904 1738 Nicodemo
920 1693 984 1738 non
996 1675 1228 1755 interpositam,
1244 1667 1365 1733 nullam
1434 1721 1437 1724 .

209 1780 317 1862 igitur,
340 1797 412 1840 curn
424 1774 544 1841 Endius
565 1774 776 1849 hereditatem
798 1776 912 1852 adiret,
926 1775 1029 1838 tuisse
1049 1767 1269 1845 διαδικασίαν.
1290 1769 1368 1835 Hoc

208 1901 287 1946 vere
309 1875 382 1942 loco
405 1874 549 1956 subiicit,
576 1899 672 1957 posse
693 1879 734 1940 ad
755 1877 835 1942 haec
855 1875 1067 1943 Nicodemum
1090 1874 1300 1956 respondere,
1323 1871 1365 1934 de

208 1983 283 2060 ista,
305 2000 386 2064 quae
405 1975 467 2040 sihi
485 1979 680 2042 instituenda
699 1980 805 2058 fuerit,
828 1975 1031 2066 διαδικασίᾳ,
1053 1999 1124 2042 cum
1146 1977 1268 2040 Endias
1287 1971 1365 2038 ἑπι-

124 2093 133 2101 *
209 2076 515 2158 dieculamiaceret,
536 2087 679 2144 actorem
695 2079 747 2144 vel
767 2088 899 2161 propter
915 2083 1147 2165 ignorationem
1168 2097 1273 2140 rerum
1295 2081 1365 2138 tou

211 2183 338 2270 quidem
354 2189 521 2264 gestarum
544 2180 595 2245 vel
621 2180 697 2245 dolo
726 2180 811 2246 malo
839 2181 923 2245 ialsa
953 2183 1108 2267 quaedam
1134 2161 1301 2256 retulisse,
1314 2182 1365 2238 ¹'et

208 2295 293 2350 turn:
317 2279 507 2364 scironia
537 2270 596 2347 οὖν
621 2282 792 2370 παρῶμεν.
832 2282 878 2346 At
902 2285 1201 2365 nonnepermirum
1225 2288 1259 2344 et
1280 2295 1364 2361 peno

207 2381 415 2461 incredibile,-
435 2383 542 2446 afferri
562 2387 805 2448 excusationem
824 2385 1014 2466 adversarii,
1034 2407 1114 2471 quae
1144 2390 1365 2468 argumentum

207 2494 312 2552 totum
331 2485 472 2550 funditus
494 2491 618 2548 evertat
639 2505 676 2546 ac
692 2483 803 2564 tollat,
824 2495 861 2550 et
881 2497 1162 2552 commemoratam
1180 2483 1299 2568 negligi
1320 2481 1364 2547 ah

209 2594 338 2663 actore,
365 2607 459 2668 quam
478 2592 536 2648 aut
555 2606 619 2648 nou
638 2591 879 2651 commemorari
902 2597 962 2652 aut
979 2593 1259 2652 commemoratam
1281 2583 1365 2646 retu-

157 2688 159 2698 ’
208 2689 271 2752 tari
292 2683 473 2767 oportebat.
513 2681 628 2769 Neque
649 2684 691 2748 ad
712 2683 792 2748 haec
815 2689 863 2750 sic
882 2688 1003 2768 poterit
1021 2687 1217 2768 responderi,
1238 2683 1364 2748 abunde

207 2809 277 2853 ram
307 2807 379 2849 esse
407 2782 574 2866 probatam
603 2785 882 2869 antecedentibus,
912 2787 962 2852 his
989 2797 1097 2852 autem
1124 2789 1293 2851 transitum
1322 2785 1364 2848 ad

207 2911 292 2956 nova
311 2889 428 2969 pararis
465 2884 539 2951 Hoc
559 2888 643 2950 enim
666 2889 884 2970 imprudentia,
906 2911 947 2952 ne
969 2890 1074 2954 dicam
1092 2891 1289 2970 insipientis,
1315 2889 1363 2950 ri·
1413 2889 1416 2894 ’

208 2992 312 3070 douc,
333 2991 380 3052 ita
399 2990 532 3053 transire
555 2989 596 3052 ad
616 3007 718 3070 novaq
745 2998 780 3053 ut
804 2993 912 3072 priora
939 2993 1054 3055 reddas
1081 2997 1247 3071 suspecto3
1278 2988 1363 3074 quod

207 3092 257 3174 fit,
278 3094 308 3156 si
327 3091 425 3170 dicas,
452 3111 532 3176 quae
555 3087 740 3171 probaveris
768 3114 832 3157 non
853 3095 941 3158 tacta
966 3113 1057 3172 esse,
1085 3115 1125 3156 ea
1150 3093 1364 3156 adversarium

207 3217 304 3278 posse
328 3191 433 3258 dicere
457 3213 529 3256 esse
546 3193 649 3272 facta,
671 3214 776 3279 neque
795 3195 877 3259 falso
899 3195 962 3260 hoc
990 3196 1110 3258 dictum
1134 3196 1175 3257 iri
1203 3191 1364 3258 ostendas.

207 3294 318 3372 Quare
339 3295 401 3358 nisi
417 3295 502 3357 forte
522 3295 625 3356 maior
645 3291 698 3356 hic
716 3293 820 3358 lateat
840 3295 1040 3374 corruptela,
1068 3296 1153 3381 quod
1177 3315 1241 3359 non
1263 3295 1368 3358 credi«

208 3398 320 3474 dmim,
340 3395 506 3458 fatendum
528 3395 599 3472 erit,
622 3413 686 3456 non
699 3395 869 3460 admodum
889 3398 970 3460 scite
992 3395 1032 3459 ab
1048 3403 1174 3470 oratore
1196 3398 1364 3459 mansitum

207 3498 249 3561 ad
270 3517 353 3559 nova
373 3503 559 3578 argumenta
590 3515 663 3558 esse
684 3497 856 3562 inventum.
896 3495 1011 3582 Neque
1038 3496 1211 3560 verendum
1240 3500 1363 3562 eritne

209 3599 359 3662 iniuriam
375 3595 529 3658 faciamus
550 3587 655 3676 Isaeo,
677 3620 771 3681 quern
792 3620 856 3663 non
868 3621 941 3664 raro
960 3601 1082 3662 dixisse
1104 3618 1184 3680 quae
1204 3596 1257 3661 vel
1272 3617 1364 3680 pror·

205 3720 262 3762 sus
284 3701 376 3759 erant
397 3697 574 3760 omittenda
603 3697 655 3762 vel
683 3699 747 3762 alio
775 3699 871 3762 modo
898 3699 1066 3762 tractanda
1092 3698 1245 3762 doeemur
1265 3701 1365 3762 etiam-

205 3805 349 3862 veterum
367 3797 571 3876 testimonio,
605 3799 691 3882 quod
715 3797 906 3879 scholiasta,
935 3803 988 3885 qui
1008 3819 1111 3883 genus
1130 3806 1164 3863 ct
1185 3804 1281 3865 vitam
1303 3797 1361 3857 de-

206 3900 346 3978 scripsit,
368 3899 508 3960 sertavit
527 3897 592 3962 his:
612 3891 732 3975 Ἰσαῖος
753 3898 790 3966 δὲ
810 3896 867 3964 καὶ
885 3896 973 3987 ὑπὲρ
995 3891 1136 3984 ἀγαθῶν
1155 3899 1258 3986 λέγων
1275 3891 1360 3959 h'rro·

206 4021 290 4074 νατος
309 3988 363 4084 ἦν,
401 3997 508 4083 Atque
529 4002 564 4062 in
594 4001 636 4062 iis
667 4020 790 4085 quoque
819 4000 1028 4080 orationihus,
1051 4025 1129 4088 quas
1147 3999 1284 4082 reliquas
1303 3995 1360 4058 ha-¹

204 4099 333 4178 bemus,
363 4099 524 4184 quaedam
553 4102 601 4162 sie
631 4099 844 4181 disputantur,
871 4109 909 4166 ut
943 4113 1073 4184 propter
1103 4107 1189 4183 ipsas
1218 4099 1359 4182 argutias

205 4199 365 4266 iudicibus
383 4197 492 4280 paullo
514 4200 738 4266 attentioribus
759 4223 823 4267 nou
850 4209 916 4268 tam
933 4205 1122 4284 persuadere
1142 4220 1238 4282 quam
1257 4202 1361 4281 suspi-

202 4305 320 4386 ciones
335 4298 503 4370 umerus
519 4321 659 4371 morere.
701 4299 809 4370 Velut
822 4305 863 4371 de
885 4303 1053 4390 Cleonymi
1068 4300 1252 4388 ‚menate
1273 4305 1372 4384 §.44¹
