3030 5002
323 165 327 196 l

542 247 613 268 -ω
656 199 754 288 2123:
799 251 859 272 -·-
901 195 903 212 '

207 379 251 447 V.
260 385 324 448 223
337 401 384 466 sq.
403 380 499 446 Hono
511 381 642 448 locum
631 403 697 447 ιαιιι
713 391 787 448 ante
802 375 868 448 tres
883 387 983 506 nnnps
1004 389 1051 450 aie
1070 381 1279 450 retinxerem.

168 487 180 543 .'
250 475 432 566 κεμμδςδ’
455 473 492 548 εὖ
513 474 636 572 ἤσκητο
656 482 725 570 θοι)
748 481 911 562 obices
895 480 938 570 rp'e
941 478 1167 606 ’δλεγεινιδν

123 581 151 637 -'
250 574 340 672 cippi
361 578 579 673 περικτιόνων
596 577 675 670 μέγ
699 581 863 650 ἐσίνετο
881 587 995 652 πᾶσαν
1014 558 1136 672 υίλιοην.

121 681 277 762 Gaudeo,
296 686 381 769 qnod
404 687 502 750 etiam
516 683 1012 771 Boaitziurl.l.p.1234.idcm
1036 685 1166 751 verbnm
1186 685 1283 751 testie.

119 785 196 848 tuit.
235 782 368 849 Praeter
383 783 536 861 Quintum
549 783 575 850 Ι.
587 791 660 852 399.
681 785 795 851 afferre
814 795 943 872 poterat
959 785 1097 852 Theocr.
1117 786 1141 850 l.
1165 795 1216 851 49.
1239 789 1281 852 tle

119 884 255 969 pulpae.
270 885 427 968 σινομένα
452 883 513 952 τόν
538 885 721 977 τριόξιμον,
748 897 782 952 et
799 886 932 954 Heniod.
960 889 1072 972 fragm.
1095 885 1207 953 CLVI.
1230 889 1280 952 etl.

121 982 300 1070 Goattling.
323 986 364 1050 de
388 985 508 1072 Iphiclo
530 1011 628 1074 snpra
654 993 769 1054 aristas
791 997 955 1053 currente:
976 986 1033 1054 ’καί
1053 981 1092 1054 οδ
1115 988 1282 1070 σινέσκετο

118 1083 262 1174 καρπόν.
305 1085 372 1150 Sed
391 1089 487 1152 etiarn
501 1090 587 1175 qnod
600 1090 697 1175 ¹vulgo
719 1090 852 1176 legitur,
874 1083 1074 1175 ἅλεγεινόν,
1096 1087 1281 1152 mutandum

120 1193 207 1266 orat,
234 1189 309 1272 quia
336 1190 479 1272 sequitur
501 1184 597 1276 μέγ’
629 1187 765 1256 ἐσίνετο.
820 1189 975 1256 Similiter
1003 1191 1085 1252 inlra
1110 1185 1180 1250 Vll.
1204 1191 1279 1272 458.
1333 1271 1339 1284 ,

117 1281 182 1350 IX.
209 1292 280 1353 104.-
306 1289 346 1354 de
373 1292 452 1374 ipsis
481 1290 664 1356 bominibus
687 1291 869 1356 calamitate
892 1293 1054 1376 oppressis
1088 1289 1207 1352 dictum
1227 1294 1279 1352 est
1343 1295 1354 1322 '

118 1379 299 1479 όλεμεινός.
338 1387 443 1454 Versu
458 1395 605 1478 sequenti
618 1391 723 1458 levem
737 1383 895 1458 maculam
912 1391 1082 1477 abstergas
1097 1387 1280 1454 scribendos

36 1537 43 1544 -
115 1487 300 1575 χρυσέοιο
322 1487 493 1579 νεράατος.

115 1645 122 1660 ·
203 1616 247 1684 V.
264 1622 326 1684 276
342 1643 389 1707 sq
420 1615 537 1745 xclp’
562 1614 601 1690 o'i
621 1619 683 1708 μεν
704 1648 810 1712 πευκι
812 1644 847 1690 σι
865 1613 1170 1713 περιδιιηθίυτες”
1147 1643 1282 1702 εκειιτο,

420 1721 480 1802 τὰς
498 1719 573 1807 έχον
593 1723 628 1793 έν
646 1721 824 1814 χείρεσσιι
811 1719 919 1812 μα’χρς
942 1715 1033 1800 σίκυς.

116 1833 230 1903 Vertit
245 1833 505 1906 Βλοιίοοιααιιαιι
498 1849 582 1924 ·„et
598 1867 672 1929 pars
684 1845 811 1931 quidem
826 1845 908 1906 inter
930 1844 1039 1926 piceas
1061 1821 1245 1925 prostrati
1236 1863 1281 1903 m-
1315 1851 1317 1856 '

120 1945 243 2021 oent,“
264 1942 450 2016 adsensum
467 1953 573 2020 recte3
595 1945 654 2009 sed
676 1969 788 2010 vereor
813 1953 848 2010 nt
867 1937 977 2008 baec
968 1965 1001 2007 ιο
1023 1941 1129 2005 verbis
1154 1943 1278 2026 graecis

55 2075 59 2088 ·
118 2041 237 2123 insint,
259 2057 340 2128 quae
361 2054 417 2128 pot
419 2048 466 2110 ius
404 2043 563 2111 thanc
585 2045 743 2132 praebent,
757 2031 964 2110 sententiam}
991 2041 1123 2124 „alii
1094 2047 1192 2130 piceis
1209 2065 1282 2129 pro·

119 2145 212 2207 strati
225 2150 425 2210 circumcirca
442 2140 599 2211 iacebant.
603 2151 624 2186 ‘¹
667 2144 738 2212 Hoc
754 2157 939 2212 autemnon
959 2141 1169 2229 probaverim.
1199 2137 1281 2209 Cen·
1321 2136 1324 2144 ’

116 2221 202 2308 tauri
219 2244 304 2308 enirn
321 2247 484 2311 inurebant
471 2251 599 2332 tpiceis
623 2247 757 2334 aliisque
779 2244 946 2310 arboribus
970 2247 1102 2321 arrrrati,
1124 2243 1281 2320 Herculea

119 2353 227 2407 autem
246 2365 302 2407 ecs
324 2350 432 2429 sagitt
423 2370 451 2422 ιε
410 2346 563 2410 talium
584 2370 680 2431 snper
698 2345 796 2408 aliurn
814 2347 995 2429 prostravit.
972 2341 1113 2406 tvid.
1129 2335 1280 2428 Apollod.

118 2442 160 2508 ll.
192 2447 228 2523 5,
265 2448 296 2506 4.
324 2468 488 2566 παρρσαν
522 2441 565 2511 oi
590 2445 778 2533 Κένταυροι
813 2442 953 2534 πέτραις
985 2437 1202 2567 ὠπλισμένοι
1221 2440 1278 2510 καὶ

119 2488 291 2621 ε’λοίτόμις
274 2539 332 2610 επὶ
359 2543 397 2611 τό
419 2547 479 2612 τοῦ
504 2542 616 2612 Φόλου
644 2539 829 2632 σπήλαιον·
856 2543 967 2627 coiri
968 2569 1015 2610 ιεν
1041 2569 1100 2610 ουν
1126 2536 1280 2631 πρώτους

119 2639 224 2724 τολι’
178 2667 346 2740 μησανιας
381 2639 460 2711 εἴσω
492 2647 677 2768 παρελθεῖν
703 2639 839 2733 Ἀγχιον
879 2643 936 2711 καί
953 2631 1092 2734 ’Ἀμριον
1113 2639 1280 2734 Ηρακλῆς

119 2743 284 2838 ἐτρέψατο
301 2741 415 2829 βαλών
431 2744 561 2826 δαλοῖς,
584 2743 662 2826 τούς
683 2745 719 2813 δὲ
739 2744 881 2825 λοιποδς
897 2744 1047 2824 ἐτόξευσε
1063 2736 1280 2834 διιυκιυναχρι

114 2845 178 2934 τῆς·
196 2843 363 2924 Meister.
405 2845 448 2910 Et
435 2851 513 2912 tite
536 2845 691 2924 Quintum
716 2871 840 2936 quoque
857 2871 924 2913 rem
949 2845 1011 2912 sibi
1028 2847 1205 2968 cogitasse,
1233 2867 1278 2910 cx

116 2946 245 3028 verbis,
267 2969 349 3036 quae
376 2947 502 3011 adiecta
524 2957 616 3030 sunt,
636 2952 787 3034 appareti
814 2947 875 3028 τὰς
895 2973 968 3030 εχου
989 2945 1024 3015 ἒν
1043 2946 1190 3038 χείρεσσι
1209 2945 1277 3032 μά·
1364 2939 1366 2944 ’

115 3047 177 3136 ’χρς
198 3039 287 3126 δίκας.
331 3051 441 3134 ltaque
463 3050 525 3113 nisi
539 3049 635 3114 altius
649 3049 730 3114 latet
743 3048 836 3113 huius
860 3043 925 3112 loci
945 3049 1057 3114 vulnus
1076 3057 1172 3135 atque
1197 3046 1278 3114 πεύ-

115 3149 198 3235 ἰιῃσι
220 3147 517 3240 περικλινθέντες
547 3150 795 3231 restituendum,
824 3157 910 3214 certe
934 3147 1096 3234 vulgatam
1128 3152 1175 3214 ita
1207 3170 1278 3240 cor·

121 3252 275 3316 rexerim:
295 3246 439 3338 πεύκμσι
460 3247 560 3341 περὶ
581 3249 813 3340 δμηθέντες
833 3243 973 3329 ἔκειντο,
997 3256 1033 3313 ut
1047 3247 1125 3338 περὶ
1144 3253 1277 3338 iungen-

119 3345 194 3442 llnm
217 3353 260 3417 sit
280 3345 351 3416 cnm
372 3346 496 3418 ἔκειντο
503 3400 512 3432 ,
536 3347 718 3439 δμηθέντες
738 3359 846 3416 autem
867 3373 981 3436 perse
1004 3351 1132 3452 dictitio.

117 3461 123 3474 ‘
202 3475 329 3548 V.323
351 3465 419 3570 sqll.

870 3575 1017 3676 ripparii
1037 3579 1115 3649 λαοί

278 3643 550 3754 πολλοίέπονθ’
573 3675 709 3752 ὡσείτε
729 3683 924 3768 μελισσάων
944 3680 1045 3750 κλυτὰ
1069 3682 1161 3774 φῦλα
1209 3715 1212 3720 ·

157 3837 159 3843 ,
283 3774 497 3868 ἡγεμόνεσσιν
517 3781 605 3853 ἑοῖσι
620 3783 809 3907 διηρεφέρς
823 3781 985 3907 σίμβλοιο

284 3877 383 3948 δσσό
389 3909 512 3967 μεναι
532 3883 767 3974 καναχρδόν,’
755 3879 809 3952 o'e’
831 3881 945 3976 εἴαρος
954 3903 1054 3973 ημαρ
1076 3879 1198 3974 ίκρται.

118 4001 209 4076 lleeo
227 4021 292 4069 noa
310 4005 389 4068 eatis
402 3987 584 4072 cohaerent.
625 4003 720 4072 Unde
741 4007 825 4078 enim
846 4006 986 4091 pendent
1013 4003 1147 4088 genitivi
1168 4002 1279 4092 διηρι-

118 4103 199 4191 ptos
219 4098 396 4188 σίμβλοιοί
436 4103 566 4187 ltaque,
587 4110 648 4175 nisi
670 4105 782 4172 subest
803 4105 1172 4192 pommeranorum,
1193 4103 1278 4190 quod

116 4203 196 4282 nihi
220 4206 350 4306 quidem
376 4227 441 4272 non
460 4205 628 4292 probabile
647 4207 790 4290 videtur,
816 4227 875 4294 pro
899 4202 1077 4336 ἑοσύμεναι
1103 4205 1287 4272 rerfitoeo-

120 4297 528 4396 ἀιιιιιαιίέιιχύμενμιι
633 4396 638 4408 Ι
677 4367 680 4374 .
898 4351 901 4358 -
1265 4331 1272 4361 ¹
