3044 4986
624 211 884 287 ..6,-

176 388 219 452 ἰίι
231 387 430 470 nominihus,
451 389 690 474 oniosgeneris
710 386 810 452 malta
830 379 961 454 excudit
975 387 1225 475 Aristophanes,
1247 395 1336 458 unli-

177 489 426 572 qoeiocrurdiet
438 491 610 554 cavillandi
623 492 788 554 materiam
804 512 949 571 sumens,
974 504 1010 553 ut
1020 484 1205 574 Ἀττικίων,
1230 487 1336 585 Ἀθρ-

176 583 271 666 νίιον,
293 585 495 670 Μαλακίωκ,
514 577 710 680 Ἔργασίων,
732 585 927 674 Σμικυθίων
948 603 981 654 et
996 591 1038 656 al.
1054 592 1094 656 de
1114 594 1226 678 quihus
1242 596 1278 660 F.
1295 596 1338 661 V.

176 686 367 753 Fritasohius
387 693 420 754 iu
445 690 539 755 Ceus.
562 693 611 756 ed.
631 690 728 754 Dind.
749 689 912 774 Aristoph.
937 690 1059 756 Eecles.
1089 696 1207 762 inserta
1234 696 1344 762 Iahnii·

176 787 293 854 Annal.
317 789 358 854 Τ.
376 790 467 856 Xlll.
487 799 578 857 1831).
599 816 630 878 p.
645 799 717 856 211.
738 793 896 856 disseruit.
938 791 1087 856 Adiicere
1104 794 1196 860 luhet
1219 795 1337 868 Athen.

176 888 267 953 Xlll.
297 896 421 976 p.·5s4.
439 893 475 957 F.
516 889 711 981 Μετάνειρα
739 890 777 960 dd
809 885 832 980 ἦ
860 885 995 980 ἑταίρα,
1035 895 1248 981 Δημοκλέους
1277 902 1338 965 τοῦ

177 988 366 1080 παρασίτου
408 988 687 1080 Λαγυνίωνος
707 987 880 1082 χέπίκλην,
923 993 1169 1072 καταπεσόντος
1201 990 1237 1062 ἕν
1272 1021 1339 1065 τινι

176 1091 361 1174 κονιάματι.
402 1090 583 1180 Λαγυνίων
613 1098 676 1158 iste
704 1093 862 1175 parasitus
893 1094 1014 1170 dictus,
1051 1106 1086 1158 ut
1112 1093 1274 1180 Dionysus
1302 1121 1338 1164 se

176 1186 250 1258 ολόν
266 1189 432 1277 Σταμνίου
446 1194 593 1280 appellat
616 1218 667 1280 ap.
687 1194 850 1280 Aristoph.
874 1193 953 1258 Rau.
965 1215 1012 1257 vs.
1025 1200 1076 1258 22.

182 1333 195 1371 ,
342 1288 396 1360 ὅτ’
412 1292 477 1381 ἐγώ
497 1297 558 1380 μὲν
577 1289 623 1363 ὢν
643 1293 823 1374 Διόνυσος,
844 1290 934 1373 υίὸς
954 1288 1172 1379 Σταμνίου.

262 1394 328 1458 seu
348 1397 488 1460 nondum
507 1419 617 1462 sumus
639 1397 792 1482 perfuncti
815 1396 1013 1480 disputando.
1055 1395 1138 1461 Illud
1159 1401 1244 1462 enim
1262 1400 1336 1464 reli·

177 1516 273 1579 quum
294 1503 344 1558 est
363 1509 621 1582 utquaeramus‚
651 1521 706 1562 cur
727 1492 909 1585 Θωρυκίων
930 1499 990 1560 iste
1009 1499 1151 1581 proditor
1173 1501 1275 1566 dictus
1293 1505 1337 1566 sit

178 1593 219 1658 ah
243 1593 466 1683 Aristophane.
510 1599 605 1676 Quod
628 1600 776 1664 siluisse
799 1619 872 1662 eum
893 1598 1003 1661 eredas
1033 1603 1127 1662 metri
1146 1605 1336 1668 necessitate

178 1710 340 1778 eoactum,
360 1703 472 1764 mirum
494 1704 552 1781 sit,
586 1702 695 1788 quidni
717 1711 813 1785 poeta
838 1721 911 1764 eum
931 1698 1020 1762 salvo
1037 1709 1148 1765 ,metro
1171 1699 1339 1792 Θωρίκιον

178 1797 394 1881 appellaverit.
420 1802 572 1866 'Proleoto
587 1825 626 1868 ea
643 1800 810 1866 difficultas
823 1809 912 1864 tanta
927 1821 998 1864 esse
1010 1801 1149 1884 videtur,
1171 1817 1206 1868 at
1221 1809 1337 1870 veritas

179 1899 402 1983 explicationis
418 1903 509 1969 meae
525 1904 694 1968 admodum
707 1900 925 1966 labefactetur.

262 2001 328 2066 Sed
349 2025 446 2086 nunc,
473 2027 514 2069 ne
535 1996 662 2089 longius
681 2007 832 2076 orationis
851 2001 1039 2087 amhagibus
1059 2025 1182 2083 morer,
1204 2004 1338 2088 docebo,

177 2097 273 2183 plane
293 2107 421 2188 egregie
445 2129 516 2170 earn
534 2108 670 2172 nominis
689 2106 825 2170 formam
847 2103 985 2188 elegisse
999 2103 1275 2191 'Aristophanem,
1304 2123 1345 2174 ut·

178 2219 333 2267 summam
354 2206 525 2289 proditoris
543 2208 717 2293 nequitiam
742 2212 868 2270 notarat
888 2215 921 2268 et
942 2204 1073 2270 sceleris
1090 2209 1339 2292 magnitudinem

178 2310 371 2385 spectantes·
387 2306 547 2372 mentibus
576 2306 890 2393 comprehenderent.
938 2301 1120 2394 Θωρυκίων
1156 2311 1241 2373 enim
1275 2313 1346 2385 iste¹

177 2401 274 2469 homo
296 2407 396 2472 dictus
417 2421 483 2489 est,
505 2421 540 2472 nt
562 2407 776 2474 Athenienses
799 2407 860 2473 hoc
884 2410 1012 2472 nomine
1036 2409 1143 2474 audito
1167 2414 1273 2476 statim
1289 2435 1340 2478 re-

86 2559 87 2562 ,
179 2507 381 2574 cordarentur
400 2512 552 2574 infamem
573 2511 729 2595 quandam
750 2511 946 2592 proditorum
975 2507 1159 2590 nationem,
1186 2519 1267 2598 quae
1289 2535 1340 2578 se·
1382 2495 1383 2502 ί

180 2605 252 2669 dem
274 2606 385 2671 hahuit
402 2612 436 2672 in
456 2609 579 2673 Cilicia.
617 2609 771 2689 Gorgonei
793 2611 894 2681 enim,
917 2630 937 2670 a
954 2613 1170 2690 promontorio
1193 2623 1225 2672 et
1248 2624 1339 2675 antro

180 2704 334 2789 Ciliciae,
368 2711 540 2774 secundom
565 2709 645 2773 alios
674 2706 898 2793 Pamphyliae,
926 2710 972 2770 ita
999 2707 1075 2771 dicti
1099 2709 1144 2790 (v.
1166 2708 1269 2791 Etym.
1292 2709 1339 2775 M.

178 2828 210 2892 p.
221 2813 291 2887 117,
299 2817 351 2874 42.
370 2810 421 2875 cll.
435 2815 506 2892 551,
518 2815 570 2874 45.
590 2810 701 2895 Pomp.
709 2807 787 2872 Mel.
801 2807 826 2872 l.
835 2813 885 2887 13,
897 2805 1075 2873 adiuta.
1088 2807 1167 2874 Dor.
1178 2807 1203 2872 l.
1217 2833 1249 2896 p.
1258 2817 1344 2890 218;

180 2909 339 2975 diversum
359 2925 482 2997 antrum
501 2911 669 2996 Corycium
684 2915 717 2974 in
733 2922 839 2973 monte
851 2908 1034 2989 Parnasso,
1050 2910 1090 2972 de
1106 2931 1168 2995 quo
1183 2933 1213 2975 v.
1227 2912 1340 2980 Elmsl.

179 3010 222 3074 ad
241 3011 316 3078 Eur.
331 3011 448 3079 Bacch.
462 3035 508 3078 vs.
525 3016 626 3098 559.),
647 3014 757 3099 piratis
773 3008 925 3074 Cilicibus
948 3011 1086 3096 praedae
1102 3023 1191 3094 parte
1207 3019 1341 3098 praemii

179 3109 252 3176 loeo
273 3118 456 3199 proposita,
485 3119 611 3202 quinam
632 3114 709 3180 illue
728 3124 922 3193 mercatores
943 3115 1169 3193 accessissent,
1198 3115 1272 3198 quid
1285 3137 1340 3180 ve-

179 3209 305 3294 herent,
328 3238 390 3300 quo
418 3220 619 3303 navigarent,
642 3216 724 3281 clam
744 3213 977 3278 enuntiabant..
993 3212 1126 3276 Photius
1145 3235 1176 3296 p.
1193 3218 1264 3294 198,
1286 3221 1339 3281 20.

178 3308 379 3402 Κάρυστος
404 3315 481 3407 γάρ·
495 3321 554 3406 τῆς
579 3309 787 3405 Παμφυλίας
813 3306 1039 3403 ἀκρωτήριον,
1078 3305 1163 3401 παρ’
1185 3300 1214 3399 ᾦ
1239 3310 1357 3396 πόλις

175 3405 347 3482 Ἅτταλία·
367 3413 515 3484 ἐνταῦθα
533 3415 567 3486 oi
589 3411 659 3484 άπὸ
678 3418 738 3504 τῆς
756 3413 904 3494 πόλεως,
923 3411 980 3481 ἵνα
995 3413 1100 3502 μηδὲν
1120 3406 1217 3480 αὐτοὶ
1230 3419 1341 3497 κακῶς

178 3511 351 3596 πάσχωσιν
370 3509 440 3585 άπὸ
459 3523 526 3586 τῶν
545 3516 781 3609 ἐφορμούντων
799 3512 859 3604 τήν
878 3507 984 3603 άκρακ
1003 3514 1148 3602 λῃστῶν,
1167 3508 1342 3586 ὑπαλλατ-

177 3613 312 3699 τόμενοι
340 3615 428 3706 πρὸς
452 3618 530 3698 τούς
557 3619 593 3687 ἐν
613 3613 730 3696 ἄλλοις
750 3617 880 3702 λιμέσιν
903 3609 1088 3704 ὁρμοῦντας
1111 3621 1341 3706 κανρκροιῦντο

178 3711 325 3806 καὶτοῖς
346 3718 483 3808 λῃσταῖς
502 3713 710 3809 ἀπήγγελλον
730 3715 788 3784 καί
804 3712 890 3796 τίνες
911 3711 994 3784 εἰσίν
1012 3712 1070 3783 καί
1089 3720 1153 3784 ποῖ
1172 3716 1341 3786 πλέουσιν.

179 3818 231 3882 cll.
251 3819 371 3905 Eph'ori
391 3823 502 3908 fragm.
523 3823 573 3886 ed.
596 3821 700 3885 Meier
714 3819 812 3884 Marx
823 3843 854 3903 p.
873 3824 944 3884 138.
986 3815 1080 3882 Unda
1095 3821 1207 3884 camut
1217 3821 1341 3886 auscul-

178 3930 299 3986 tatores
314 3938 351 4008 et
370 3926 593 4007 exploratores
614 3923 690 3986 dicti
709 3933 784 3986 snm
803 3921 1008 4009 Κωρυκαῖοι.
1050 3917 1164 3985 Cicero
1185 3925 1276 4007 epist.
1299 3919 1341 3984 ad

178 4022 274 4087 Attio.
297 4023 343 4105 X,
366 4031 433 4090 ts:
452 4049 454 4056 ’
471 4025 580 4088 Omnes
595 4028 693 4088 venta.
710 4023 904 4110 Κωρυκαῖοι
931 4020 1078 4086 videmur
1105 4021 1340 4088 ταίαιιιοιιίλιιιο

73 4138 74 4141 ’
179 4147 260 4211 quae
271 4127 392 4211 loquor.
433 4123 610 4190 Menander
627 4146 678 4209 ap.
692 4119 834 4188 Meinelr.
848 4143 881 4206 p.
898 4124 949 4184 56.

385 4219 462 4292 odd'
478 4217 577 4314 ‹ip't
601 4225 856 4312 Κωρυκαῖος
883 4213 1075 4311 ἠκροάζττο.

180 4327 337 4393 'l'hemist
350 4326 661 4414 urat-vltp'toa,
673 4329 725 4392 23.
738 4325 788 4392 ed.
800 4322 945 4392 Diodori.
967 4312 1113 4414 ὄλεθρος
1130 4318 1168 4408 ίξ
1186 4313 1342 4413 ὀλέθρων
