3026 4992
522 177 868 300 '-oe--

142 424 203 478 κας
223 391 339 489 ὀρθῶς
357 395 613 486 διαγιγνιίσκιιν,
628 394 775 480 μάλιστα
792 395 855 481 μίν
870 399 937 467 τιδν
951 400 1044 467 διων
1058 396 1154 468 ἕνεκα
1170 400 1227 469 καί
1244 405 1305 471 τοῦ

143 493 322 590 εὐσεβοῦς,
338 494 456 565 ἔπειτα
476 491 572 564 ιιαλε
552 499 648 582 υμῶν
667 489 787 564 αὐτῶν.
828 491 901 564 ἔστι
917 501 980 584 μὲν
998 497 1064 594 γάρ
1092 500 1197 592 περὶ
1220 527 1303 572 τοι-
1377 519 1380 524 “

141 624 268 668 ουτου
289 621 418 665 αατου
402 594 502 683 μία
522 593 609 688 δικη
687 616 690 626 ⁴

223 765 261 831 In
289 762 446 832 vocabulo
476 757 581 834 αὐτοῦ
606 769 670 831 iam
691 763 842 832 Reislrius
867 767 1019 856 offendit,
1050 771 1180 858 quiunt
1207 768 1302 865 αὕτη,

143 869 227 956 quod
243 875 280 933 ut
293 874 401 932 cetera
419 869 620 932 incommoda
637 867 777 956 linquam
797 877 884 934 certe
905 866 1053 956 languet,
1074 881 1129 938 ant
1145 877 1231 944 πάσι
1246 886 1302 942 uut

140 965 293 1048 ἑκάστοις
312 967 378 1053 legi
397 969 529 1049 suadet,
552 970 636 1056 qnod
659 971 802 1056 quamvis
827 991 847 1034 a
871 973 1027 1056 scriptura
1047 974 1190 1040 codicum
1206 981 1301 1046 nimis

139 1070 269 1135 recedat
292 1090 387 1157 quam
409 1070 493 1154 quod
513 1070 644 1156 probari
663 1074 784 1158 possit,
820 1092 840 1136 a
861 1075 1022 1137 sententia
1043 1080 1152 1168 tamen
1171 1081 1300 1163 propius

138 1173 266 1237 videtur
278 1170 407 1237 abesse:
425 1172 503 1237 dicit
516 1175 609 1254 enim,
624 1179 688 1238 reis
699 1173 795 1260 idque
807 1178 865 1238 υσι·
876 1173 1037 1259 eidemque
1053 1197 1109 1240 reo
1125 1199 1219 1242 unam
1231 1188 1304 1244 tan-

137 1281 208 1338 tum
233 1295 377 1338 caussam
406 1273 687 1361 defensionemque
715 1277 749 1343 in
774 1273 871 1340 rebus
901 1272 1091 1360 capitalibus
1116 1300 1301 1353 concessam

140 1397 222 1439 esse.
263 1373 450 1459 Legendnm
473 1382 524 1454 est
543 1378 656 1462 igitur:
687 1369 758 1442 ἔστι
777 1377 839 1459 μὲν
856 1372 921 1466 γάρ
942 1373 1022 1468 περὶ
1048 1375 1203 1446 τοιούτου
1228 1383 1302 1448 τοῦ

12 1547 14 1556 ,
139 1469 267 1544 αὐτοῦ
286 1472 350 1560 μία
371 1472 457 1564 δίκη.
529 1513 531 1520 s

220 1643 372 1711 Eiusdem
394 1652 474 1710 orat.
495 1650 523 1725 ξ.
547 1649 597 1708 10.
619 1667 650 1730 p.
651 1639 745 1710 767
773 1635 850 1712 o5ue
876 1639 968 1723 ὅστις
987 1637 1108 1734 [οὐκ]
1130 1635 1218 1714 άλλα
1237 1673 1300 1716 κσ-

138 1749 272 1863 τηγορεῖ
298 1738 322 1834 ἢ
349 1737 372 1812 ά
400 1743 558 1813 5e5uee'
542 1769 584 1812 εν
604 1743 776 1834 πράγματι
803 1742 960 1834 notorium,
990 1751 1169 1816 πιστεῦσαι
1188 1748 1299 1837 δήπου

87 1842 90 1845 ’
139 1836 229 1934 αὕτη
213 1836 431 1937 άξιιίταρόν
451 1839 584 1914 ἐστιν’
560 1871 581 1934 η
604 1837 731 1933 άπιστῆ
732 1866 800 1913 σαι.
925 1895 929 1903 f

219 2012 411 2080 Particulem
427 2014 619 2080 infitiantem
639 2020 675 2080 ut
699 2016 878 2079 sententiae
891 1997 1122 2101 repugnantem
1143 2020 1233 2082 uncis
1249 2021 1298 2084 in-
1401 2010 1403 2018 ’

137 2115 301 2181 cluserunt
315 2117 466 2182 Reiskius
481 2125 515 2182 et
529 2116 555 2183 1.
568 2113 746 2180 Bekkerus.
791 2115 857 2180 Sed
877 2139 937 2204 ego
958 2118 1085 2204 quidem
1106 2120 1152 2183 ite
1169 2142 1298 2187 servan·

107 2243 110 2252 ⁴
136 2219 209 2282 (lam
230 2220 330 2299 duxi,
358 2228 395 2284 ut
417 2213 622 2286 ὁστισοῦν
646 2218 805 2305 legerem:
829 2223 1011 2304 quicumque
1031 2217 1096 2283 alia
1113 2223 1147 2284 in
1168 2243 1297 2288 accusa-

135 2322 225 2382 tione
249 2341 307 2382 sua
326 2320 448 2404 profert
469 2341 562 2403 quam
581 2341 662 2404 quae
679 2321 854 2382 insectatur
870 2321 904 2383 in
916 2326 984 2383 tam
998 2321 1089 2404 gravi
1107 2341 1154 2384 re.
1195 2320 1295 2409 quue

137 2421 335 2504 aptissimum
360 2427 410 2483 est
434 2416 507 2481 huie
527 2416 610 2482 loco
655 2417 792 2481 Primum
806 2420 891 2481 enim
908 2418 1092 2503 singulatim
1110 2420 1149 2484 de
1166 2443 1295 2488 aecusa-

135 2517 276 2601 toribus,
298 2541 377 2610 qnos
399 2511 555 2604 choragos
576 2520 686 2583 fuisse·
702 2541 746 2584 cx
774 2518 990 2604 superioribus
1013 2523 1222 2607 conspicitur,
1246 2524 1295 2590 lo·

135 2625 243 2708 quitur
270 2644 344 2686 rens
351 2617 644 2744 (scribendum
625 2627 676 2685 est
705 2615 789 2684 enim
819 2609 897 2685 οῗίτε
926 2617 990 2712 γάρ
1019 2619 1059 2746 δη
1090 2611 1171 2713 οὗὴ
1195 2624 1295 2706 πόλις

95 2775 98 2784 ,
134 2719 194 2790 ελά
194 2716 372 2810 μβανεν
347 2749 389 2790 σν
421 2717 571 2843 δι’κην’
543 2716 580 2788 εί
600 2744 633 2787 τι
660 2714 817 2844 ηδίκητο,
847 2717 995 2788 ε’νταῦδα
1014 2721 1075 2812 την
1094 2725 1296 2826 κατηγορίαν

134 2825 379 2904 ποιοῦνται,
404 2809 489 2890 άλστε
507 2819 644 2912 χάριτος
663 2811 810 2901 άξιον’
779 2845 866 2888 ειναι
886 2846 926 2912 τη
912 2821 1065 2904 πόλει,
1087 2847 1167 2904 non,
1189 2831 1269 2910 pti
1260 2851 1293 2894 m

134 2922 577 3008 edit.Belrkenanale⁰1tnr,
595 2923 835 3008 ποιεῖται),
859 2924 985 3005 (licem,
1007 2927 1087 2990 istos
1104 2943 1179 2992 suos
1202 2952 1293 2995 accu-

132 3035 257 3093 satores
278 3026 433 3092 eiusmodi
454 3027 586 3089 crimina
607 3046 671 3087 non
691 3046 861 3104 accusare,
888 3047 1022 3111 quorum
1041 3049 1163 3112 poenas
1183 3053 1293 3115 respu-

133 3128 222 3194 blica
236 3136 358 3194 sumet:
382 3125 496 3192 deinde
520 3131 559 3190 ιιι
573 3131 750 3190 uuiversum
767 3130 949 3210 quicumque
965 3126 1029 3190 alia
1050 3137 1178 3192 accuset
1199 3151 1293 3215 qnam

133 3253 213 3317 quee
227 3235 402 3298 insectetur
416 3229 469 3314 (el.
484 3235 512 3309 ς.
528 3233 605 3314 7.·p.
621 3227 723 3312 7655,
743 3228 774 3291 ei
789 3224 886 3291 fidem
901 3227 1082 3296 habendam
1098 3251 1169 3312 esse
1184 3239 1291 3315 negat.

136 3332 242 3418 Atque
256 3335 386 3418 negatio
408 3323 482 3398 οὐκ
504 3331 633 3417 quidem
643 3351 714 3394 oum
731 3328 888 3414 particula
897 3320 959 3405 οὖν
979 3354 1051 3396 cum
1066 3331 1147 3396 alias
1169 3337 1236 3396 tum
1258 3334 1292 3396 in

133 3431 311 3516 fragmento
338 3433 455 3519 Lysiae
482 3433 613 3498 confusa
637 3439 705 3512 est,
739 3430 823 3514 quod
851 3437 902 3495 est
921 3430 1015 3495 XVl.
1036 3434 1071 3496 in
1099 3429 1289 3498 collectione

133 3531 398 3618 Bekkeriena,
389 3560 423 3617 ιιι
450 3534 703 3600 Hoelseheriane
731 3529 896 3596 XXXVI.
931 3533 990 3617 (de
1016 3531 1133 3656 Lpsiue
1158 3537 1228 3600 vita
1257 3542 1292 3600 et

133 3637 260 3721 scnptrs
278 3659 309 3721 p
331 3643 400 3702 152
407 3639 420 3722 )
442 3633 478 3704 ἔκ
499 3636 560 3701 τοῦ
579 3630 666 3724 πρὸς
685 3629 846 3756 Διογένην
866 3630 947 3723 περὶ
962 3629 1105 3723 χωρίου.
1132 3634 1189 3702 ubi
1210 3635 1290 3702 haee

133 3738 297 3823 leguntur:
333 3729 415 3828 άρα
429 3731 502 3806 οὐκ
533 3727 769 3824 άπράγμων
796 3723 883 3800 εἶναι
909 3729 1038 3802 δοκεῖ<
1019 3738 1097 3820 υμῖν
1116 3736 1288 3826 Διογένης,

133 3827 172 3918 λίς
166 3789 470 3920 be'uuluccileueu
427 3863 489 3922 μιν
506 3840 579 3906 τῶν
593 3833 733 3927 κλήρων,
755 3827 961 3925 άμφισβητεῖ
979 3836 1017 3902 δε
1037 3837 1108 3915 τοῖς
1128 3829 1290 3927 ὅρφανσῖς

132 3927 179 4008 ὧν
201 3932 314 4018 αὐτοῖς
336 3933 371 4004 οἳ
385 3941 525 4030 πατέρες
538 3937 736 4022 κατέλιπον,
756 3935 938 4056 Requiritur
953 3941 1161 4005 contrarium.
1180 3939 1289 4007 vobis·
1324 3969 1331 4031 '.
1357 3983 1360 3989 ,

132 4065 174 4107 ne
184 4045 269 4107 iners
283 4050 317 4107 et
332 4063 440 4105 socors
454 4045 579 4106 videtur
592 4041 765 4126 Diogenes,
788 4040 841 4127 qui
855 4059 998 4103 caussam
1011 4040 1098 4105 dicat
1109 4039 1195 4106 orbis
1208 4047 1289 4110 etei

130 4142 242 4232 ltaque
267 4148 356 4232 prius
386 4142 593 4208 coniioiebam
620 4145 784 4208 audacius:
818 4131 886 4230 ἆρα
917 4131 976 4208 οὖν
1004 4140 1289 4232 πολυπράγμων

131 4235 218 4314 εἶναι
246 4245 341 4313 δοκεῖ
363 4243 441 4330 ὑμῖν
470 4247 581 4330 Aaou,
619 4267 714 4333 quam
739 4245 827 4312 sensi
853 4241 979 4310 facilins
1008 4265 1081 4310 esse
1110 4244 1317 4331 eodemque.

130 4348 234 4414 redire
254 4348 339 4437 quod
359 4346 576 4416 Hoelscherus
594 4347 775 4436 proposuit:
796 4333 865 4435 ἆρα
886 4334 945 4414 οὖν
963 4336 1150 4436 άπράγμιον
1170 4369 1200 4413 κ.
1214 4367 1242 4412 τ.
1258 4341 1285 4410 5.
