3044 4986
119 415 321 502 exemplum,
336 415 375 476 in
389 411 445 476 lib.
460 409 501 475 11.
519 433 551 496 p.
567 413 639 474 365.
654 408 695 474 D.
718 401 805 476 ἀλλά
827 407 868 498 dt)
888 409 993 490 θεοὺς
1011 401 1088 494 oiim
1106 409 1285 480 λανθάνειν

117 510 195 584 οὔτε
224 512 416 599 βιάσασθαι
443 509 592 578 δυνατόν.
641 503 775 591 οὐκοῦν,
809 505 841 576 εἰ
862 511 924 593 μὲν
952 510 998 599 μή
1028 507 1110 579 εἰσίν
1137 505 1284 602 ἢμηάὲν

117 613 231 695 αὐτοῖς
249 618 315 680 τῶν
334 607 560 701 ἀνθρωπίνων
574 611 683 694 μέλει,
715 602 807 677 οὐδ’
824 605 924 698 ἡμῖν
944 610 1103 700 μελητέον
1124 615 1185 679 τοῦ
1203 614 1287 684 λαν-,

115 717 251 795 θάνειν,
278 714 474 792 benefecit,
497 715 580 798 quod
601 713 780 778 lectionem.
795 711 925 782 exillis
946 713 1146 797 interpolatis
1165 718 1280 780 codici·
1336 747 1339 758 ·

115 821 209 886 busa
225 815 328 884 Bekk.
344 826 377 878 et
391 813 510 878 Stallb.
525 828 685 900 receptam
701 811 876 892 damnarit,
898 835 962 876 non
981 813 1174 897 laudandus,
1196 801 1279 905 quod
1374 827 1375 834 ’

115 920 275 1004 vulgatam
293 912 351 980 καί
370 909 449 1001 ἡμῖν
477 907 516 980 od
537 913 697 1004 μελητέον
716 906 886 978 revocavit.
928 913 1085 1001 Equidem
1109 915 1278 984 lectionem

115 1020 284 1086 multorum
306 1014 510 1080 othonorum
529 1015 682 1079 librorum
702 1019 889 1080 auctoritate
910 1015 1041 1094 fultam,
1071 1011 1104 1078 τί
1124 1016 1180 1082 καί
1199 1015 1278 1104 ἡμῖν

112 1115 280 1206 μελητέον,
299 1119 391 1180 unice
405 1125 592 1180 veramesse
604 1117 725 1191 indioo;
749 1139 811 1202 qna
822 1115 957 1200 probata
969 1115 1180 1200 interpolatae
1194 1125 1275 1184 ratio

112 1219 204 1283 reddi
216 1229 322 1302 potest
336 1218 462 1282 idonea.
499 1217 667 1283 Librarios
683 1221 767 1282 enim
783 1221 816 1280 in
834 1217 1071 1303 quaestionibus
1085 1241 1142 1302 per
1156 1203 1193 1284 τί
1202 1241 1275 1303 pro-

111 1324 244 1406 positis,
266 1319 305 1382 ad
326 1341 403 1404 qaas
428 1341 548 1404 negans
570 1321 735 1403 responsio
764 1325 984 1402 exspectatur,
1005 1341 1103 1404 saepe
1119 1316 1153 1384 τί
1173 1332 1274 1385 muta·

111 1425 196 1486 vissa
216 1423 252 1510 in
271 1412 311 1486 οὗ
330 1432 452 1483 constat
472 1423 517 1504 (v.
539 1421 671 1485 Porsen.
693 1421 733 1484 ad
754 1419 828 1482 Eur.
852 1418 976 1485 Hecub.
999 1441 1044 1482 vo.
1068 1421 1163 1504 296).
1208 1422 1273 1487 Sed

109 1535 275 1608 praeterea
289 1519 395 1583 moltis
409 1524 568 1609 exemplis
584 1524 690 1587 doceri
703 1533 825 1606 potest,
849 1521 899 1584 vel
913 1545 1004 1586 usum
1018 1521 1169 1606 loquendi
1181 1545 1272 1588 meae

108 1623 242 1688 lectioni
256 1621 387 1685 mirifice
403 1623 521 1688 favero.
562 1624 644 1688 Plat.
668 1622 766 1686 Lach.
786 1646 817 1707 p.
832 1627 901 1684 182.
919 1623 956 1686 Ε.
978 1617 1016 1687 εἰ
1037 1615 1071 1687 δ’
1088 1616 1179 1688 ἔστι
1197 1626 1248 1708 μέ
1255 1652 1273 1691 ν

109 1708 158 1812 μὴ
187 1720 349 1811 μάθημα,
386 1717 464 1789 ἀλλ’
487 1723 697 1803 ἐξαπατῶσιν
729 1718 772 1788 oi:
794 1718 1050 1804 ὑπισχνούμενοι
1079 1763 1117 1773 -·
1139 1721 1179 1790 τί
1205 1725 1272 1792 καί

110 1826 183 1892 δέοι
203 1819 244 1891 dv
265 1817 345 1890 αάτά
365 1825 550 1908 μανθάνειν
557 1857 568 1909 ,·
589 1829 629 1890 de
644 1825 727 1911 legg.
743 1825 788 1888 X.
805 1849 835 1909 p.
851 1824 922 1887 891.
936 1821 974 1885 Β.
985 1816 1101 1903 νόμοις
1119 1815 1178 1890 οὖν
1196 1825 1270 1916 δια-Ι

108 1924 349 2016 φθειρομένοις
369 1929 439 2004 τοῖς
458 1923 626 2013 μεγίστοις
646 1923 714 1992 ὑπὸ
733 1928 843 1991 κακῶν
865 1917 1058 2012 ἀνθρώπων
1085 1914 1174 1989 τίνα
1203 1925 1271 1991 καί
1298 2007 1299 2011 ¹

106 2026 235 2114 μᾶλλον
259 2027 422 2116 προσήκει
448 2030 589 2116 βοηθεῖν
618 2021 640 2113 ἢ
666 2025 869 2115 νομοθέτηνς
899 2023 1067 2092 Demosth.
1086 2024 1222 2112 Philipp.
1243 2026 1268 2090 l.

108 2151 136 2192 α.
152 2136 203 2210 14,
219 2134 248 2192 3.
268 2124 348 2194 ὅταν
369 2126 432 2218 γάρ
453 2123 573 2216 ἡγῆται
592 2129 653 2211 μέν
676 2122 694 2193 ὁ
712 2126 892 2216 στρατηγὸς
913 2121 1045 2194 ἀθλίων
1065 2118 1269 2210 ἀπομίσθων

105 2227 266 2308 ξένων-
287 2225 327 2294 τί
348 2228 417 2294 καὶ
436 2227 497 2318 χρὴ
529 2228 740 2318 προσδοκάν;
1256 2229 1260 2234 ’

70 2397 72 2402 ,
190 2327 243 2391 De
265 2328 329 2391 alio
350 2331 489 2393 Politiae
510 2331 581 2393 loeo
603 2329 654 2392 hio
667 2329 764 2392 verba
781 2331 886 2392 lacere
902 2326 1008 2416 ΙυΙνερ,
1030 2341 1066 2392 ut
1081 2328 1160 2393 mihi
1175 2351 1268 2394 nsum

105 2429 263 2516 quendam
274 2427 425 2507 loquendi
443 2452 462 2491 a
475 2429 699 2514 nemine-quod
716 2431 781 2490 scio
802 2429 1054 2491 animadversum
1070 2429 1186 2492 leviten
1196 2452 1267 2514 per·

105 2529 280 2614 stringendi
295 2532 387 2612 copia
399 2529 466 2592 liat.
487 2529 523 2592 ln
538 2525 593 2590 lib.
607 2526 646 2590 ll.
661 2550 692 2612 p.
709 2533 780 2592 359.
797 2528 834 2592 C.
855 2527 945 2613 νόμην
968 2527 1006 2594 dd
1026 2524 1100 2616 βία
1120 2529 1268 2618 παράγε-

103 2657 163 2698 ται
188 2627 247 2697 ἕπί
271 2627 331 2716 τήν
357 2632 417 2695 τοῦ
442 2624 518 2694 ίσου
546 2627 643 2714 τιμήν
671 2628 753 2692 bene
777 2653 848 2694 oum
869 2629 1106 2713 optimislibris
1129 2635 1266 2696 extrusit

103 2733 318 2798 Schneiderus
341 2729 414 2810 καὶ,
448 2732 531 2817 qnod
550 2729 646 2814 vulgo
671 2744 743 2794 ante
762 2728 822 2817 βίη
843 2728 1016 2816 legebatur.
1061 2732 1215 2798 Similiter
1233 2737 1267 2798 in

101 2835 159 2900 lib.
183 2832 267 2898 Vlll.
293 2855 324 2916 p.
346 2837 417 2896 552.
435 2831 473 2895 Ε.
503 2821 562 2908 οὓς
588 2827 763 2918 ἐπιμελείᾳ
796 2828 866 2918 βίᾳ
895 2828 1086 2912 κατέχουσιν
1113 2831 1149 2901 oi
1167 2828 1267 2924 ἀρχαὶ

102 2933 284 3018 Stephanus
300 2935 339 2996 de
352 2956 408 2998 sno
425 2929 481 2997 καί
498 2945 571 2996 ante
581 2929 641 3018 βίᾳ
653 2935 829 3015 invexerat.
873 2933 937 2998 Sed
953 2935 1026 2997 vide
1040 2933 1083 2997 ib.
1097 2959 1128 3020 p.
1145 2941 1214 3000 554.
1227 2935 1263 2999 C.
1333 2969 1339 2989 ν

100 3035 161 3114 τοὶς
189 3033 226 3104 δὲ
252 3033 454 3123 κακούργους
480 3032 699 3114 κατεχομένας
723 3029 795 3120 βίᾳ
822 3028 902 3099 ὑπὸ
929 3035 988 3119 τῆς
1015 3026 1118 3124 ἀλλης
1145 3035 1263 3119 ἐπιμε-
1313 3080 1317 3086 ·

103 3133 205 3214 λείας.
245 3134 370 3221 Vll.·p.
396 3140 467 3199 528.
489 3133 525 3198 C.
553 3130 645 3217 ὅμως
674 3124 761 3222 πρὸς
789 3130 922 3201 ἅπαντα
950 3137 1054 3198 ταῦτα
1081 3132 1155 3224 βίρι
1181 3131 1263 3201 ὑπὸ

100 3233 235 3324 χάριτος
255 3229 399 3314 αίίξεται.
441 3235 501 3300 ΙΧ.
518 3259 550 3321 p.
566 3240 637 3298 577.
655 3235 692 3298 Ε.
714 3231 791 3301 ὑπὸ
815 3234 852 3301 δὲ
874 3230 1007 3325 οἴστρου
1030 3230 1085 3302 ἀεὶ
1104 3221 1262 3322 ἑλκομένη
1303 3243 1305 3250 “

103 3332 172 3423 βίᾳ
191 3341 336 3427 ταραχῆς
357 3335 415 3402 καὶ
434 3332 654 3421 μεταμελείας
671 3335 773 3424 μεστη
794 3331 897 3404 ἔσται.
941 3337 1062 3403 l'olitio.
1082 3361 1114 3424 p.
1131 3343 1202 3402 369.
1220 3335 1261 3400 Λ.

103 3431 179 3504 ἀλλ’
205 3435 265 3516 είς·
285 3432 455 3526 ἀθεότητα
481 3435 539 3503 καί
569 3433 665 3524 ὕβριν
696 3435 754 3502 καί
786 3431 919 3504 ἀδικίαν
950 3434 1032 3505 ὑπὸ
1058 3441 1173 3526 κακῆςι
1188 3431 1263 3524 βίᾳ

100 3535 234 3629 φύσεως
254 3531 492 3622 ἀπωθούμενα.
522 3536 584 3603 De
604 3537 688 3622 legg.
710 3537 770 3602 IX.
786 3562 816 3623 p.
829 3543 900 3602 866.
917 3537 954 3602 C.
976 3537 1060 3605 rond
1081 3543 1142 3627 γῆν
1161 3539 1197 3606 δὲ
1221 3531 1263 3604 ἀν

99 3637 175 3727 βίᾳ
196 3633 276 3702 ὑπὸ
295 3642 391 3706 τινῶν
412 3631 515 3727 ἀχθῇ.
539 3663 571 3725 p.
584 3644 655 3721 872.
668 3639 705 3702 Ε.
727 3633 809 3706 αάιὸ
830 3643 928 3705 τοῦτο
948 3635 1029 3707 ὑπὸ
1051 3639 1172 3707 τέκνων
1186 3639 1263 3705 τολ-

99 3743 210 3828 μῆσαι
236 3734 306 3824 βίη
333 3740 513 3821 πάσχοντα.
556 3763 587 3824 p.
611 3745 681 3804 874.
704 3739 745 3828 C.
767 3738 917 3828 νηποινεὶ
943 3739 1094 3810 τεθνάτω
1124 3735 1204 3820 ὑπό
1226 3765 1263 3808 τε

16 3863 20 3879 ·
99 3835 321 3928 ὑβρισθέντος
341 3837 409 3928 βίη
434 3839 492 3906 καί
511 3836 592 3907 ὑπὸ
614 3838 742 3930 πατρὸς
761 3832 784 3928 ἢ
805 3834 969 3930 ἀδελφῶν.
1013 3842 1072 3907 xl.
1089 3839 1205 3928 pole.
1220 3841 1261 3906 A.

101 3934 127 4028 ἢ
149 3937 230 4006 ὑπὸ
250 3936 419 4022 χειμώνων
439 3935 565 4037 ἀγρίων
593 3937 664 4030 βίᾳ
685 3941 916 4026 ἐλαυνομένοις
940 3937 1107 4030 εάἀιεινην
1121 3939 1263 4034 γαλήνην

103 4036 294 4130 παρασχών.
342 4038 397 4104 ΠΙ.
422 4066 453 4126 p.
475 4049 546 4108 701.
575 4042 612 4107 C.
643 4039 718 4132 βίην
742 4040 825 4110 ὑπὸ
854 4046 915 4109 τοῦ
939 4041 1039 4130 λόγον
1069 4041 1263 4136 φερόμενον.Ι

101 4141 233 4206 lauerat.
248 4139 327 4230 περὶ
345 4134 531 4224 ἀπαθέα-ξ.
548 4151 619 4232 326.
636 4141 758 4236 καίπερ
776 4142 857 4210 ὑπὸ
876 4146 934 4230 τῆς
951 4137 1051 4234 ἀρχῆς
1068 4143 1139 4234 βίᾳ
1159 4139 1262 4237 φερόξ

102 4267 200 4328 μενος
220 4245 325 4329 (undo
346 4257 431 4308 reete
447 4253 565 4310 tutatus
582 4260 630 4311 est
645 4245 818 4312 Hermann.
832 4250 866 4312 in
882 4245 980 4331 Soph.
996 4246 1176 4312 Electr.'vs.
1189 4251 1261 4310 715.

104 4344 215 4412 πῶλοι
233 4341 307 4436 βίη
329 4344 533 4437 φέρουσιν
553 4361 661 4414 contro
673 4347 876 4435 l'orsonum).
914 4347 1013 4435 Soph.
1030 4348 1120 4413 Aiaa.
1134 4340 1261 4415 vs.493.
