3026 4992
433 213 868 316 ’-ιιι“-.

130 415 258 503 proprie
279 419 313 479 et
338 419 428 478 teoto
456 413 572 477 iratres
598 413 691 494 sunt,
719 415 779 480 sed
802 418 900 482 etiam
920 409 1053 484 'omnino
1083 401 1140 508 qut
1162 425 1294 510 propius
1331 507 1334 510 Ι

131 520 320 604 cognatione
343 515 497 579 accedunt
516 517 557 578 ad
579 514 729 603 aliquem.
772 515 827 582 Sic
849 519 935 604 apud
951 519 1081 586 Lucian.
1105 523 1180 588 dial.
1198 531 1291 589 mort.
1367 531 1370 539 ’

130 619 206 683 Xll.
223 626 255 681 2.
298 615 461 682 Hannibal
481 624 613 680 vocatur
631 615 842 682 Hasdrubalis
864 611 1021 708 ἀδελφός,
1043 620 1096 686 uhi
1116 625 1157 693 cf.
1176 623 1290 712 Voigt·

129 720 308 784 laenderus.
344 717 417 781 Lat'
395 720 500 782 truiet
501 721 564 782 iam
573 720 703 798 fratem
725 722 876 784 dixerunt
897 721 1061 787 similit
1012 731 1061 787 rat
1062 727 1160 818 ione,
1168 727 1208 789 of.
1222 725 1288 792 Cic.

131 845 179 910 op.
201 823 251 886 ad.
273 822 342 884 Att.
361 819 386 882 Ι.
410 825 439 884 5.
459 819 534 906 ibiq.
556 823 657 904 intpp.

136 992 139 998 ¹
213 921 308 986 Orat.
331 921 370 984 de
398 917 510 1001 Pyrrhi
534 919 714 984 hereditate
740 925 768 1000 5.
789 925 819 984 6.·
845 917 924 1009 περὶ
952 919 1015 1010 γὰρ
1044 913 1148 988 edred
1170 911 1229 990 odd
1220 951 1289 993 τοο

130 1052 150 1092 ο
138 1018 438 1115 “ὄιαμαρτυρήσας
458 1017 517 1107 τὴν
541 1022 607 1087 τῶν
642 1020 941 1141 qtcvdopreppoptcdr
970 1019 1065 1112 δίκην
1095 1016 1285 1108 ἠγωνίζετο,

126 1121 272 1214 πότερον
297 1121 379 1202 ἐξ
362 1115 518 1210 εγγοηιῆς
544 1113 564 1208 ὴ
559 1113 667 1198 ἐξ
653 1116 827 1208 scalpunt
850 1115 1106 1213 ἀμφισβητοῦσα
1127 1126 1187 1190 τοῦ
1211 1125 1287 1212 κλή-

127 1251 190 1318 pov
210 1250 256 1311 τῳ
241 1219 363 1311 θείῳ
384 1219 582 1311 γυναικὸς
609 1215 672 1310 εἴη.
1372 1287 1374 1293 ,

128 1347 130 1352 ·
212 1326 449 1390 Sohoemannus
471 1345 513 1410 p.·
526 1329 604 1386 232:
634 1326 823 1403 „assentior
838 1323 1038 1389 Bekkeroin
1058 1323 1141 1388 Add.
1158 1347 1190 1410 p.
1213 1333 1284 1392 696.

126 1423 280 1517 γυναικὸς
307 1433 363 1490 aut
382 1425 559 1488 tollendum
581 1433 637 1488 aut
661 1448 732 1488 oum
754 1423 832 1513 yon}
855 1427 1040 1489 mutandum
1060 1447 1150 1500 erse;
1172 1427 1211 1490 cf.
1236 1433 1284 1507 55.
1424 1424 1427 1433 '

126 1538 178 1594 24.
199 1535 232 1593 et
251 1531 326 1591 45.“
375 1525 477 1589 Miror
505 1527 650 1610 proiecto
672 1525 754 1591 hano
770 1519 847 1590 'dari
873 1531 1045 1612 optionem.
1066 1517 1067 1521 ¹
1093 1524 1178 1591 Nam
1204 1551 1285 1614 quae

125 1632 265 1708 tandem,
285 1649 415 1714 quaeso,
436 1621 605 1693 verborum
623 1633 683 1694 erit
702 1632 871 1708 sententia,
894 1631 923 1692 si
944 1625 1097 1715 γυναικὸς
1118 1649 1188 1692 oum
1205 1627 1283 1716 your)

84 1795 86 1805 .
125 1737 340 1818 permutatum
367 1727 483 1792 fueriti
524 1727 576 1792 An
595 1721 616 1815 ἦ
638 1720 896 1816 ἀμφισβητοῦσα
916 1725 994 1816 γυνὴ
1016 1727 1062 1791 nil
1089 1730 1150 1791 nisi
1169 1730 1285 1794 mulier

125 1831 348 1897 hereditatem·
364 1829 520 1914 poscensl
562 1830 611 1894 At
629 1831 702 1894 vide
725 1829 822 1908 mihi,
850 1851 943 1914 quam
970 1832 1016 1893 sio
1042 1827 1193 1912 langueat
1214 1854 1283 1896 voc.

124 1931 215 2022 γονή.
256 1931 300 1996 Et
326 1935 404 2023 ,ῒιιιιι
432 1930 508 2016 quid
536 1929 594 1995 fiet
620 1929 727 1996 verbis
754 1927 927 2022 rqisdct'qri
972 1929 1088 1994 Avco.
1112 1923 1283 2021 ἀμφισβη-

123 2037 229 2102 τοῦσα
247 2055 311 2097 ιιοιι
334 2039 486 2118 poterunt
509 2053 580 2096 esse
604 2053 775 2118 suspensam
797 2027 815 2096 d
838 2035 933 2111 θεῖος
955 2033 1039 2094 enim
1059 2029 1196 2114 Pyrrhus
1222 2041 1283 2112 est,

125 2140 215 2202 cuius
231 2135 441 2199 hereditatem
461 2136 546 2218 petit
565 2133 690 2214 mulier,
712 2134 820 2197 diceus
844 2136 913 2196 einr
929 2154 964 2196 se
990 2153 1062 2198 esse
1081 2133 1180 2198 filiam
1198 2139 1283 2198 iusto

125 2237 283 2304 connubio
302 2242 511 2320 procreatam.
552 2231 666 2319 Neque
685 2241 794 2320 potest
815 2255 886 2297 esse
908 2235 973 2296 dat.
993 2255 1051 2317 pro
1074 2255 1145 2318 gen.
1159 2238 1283 2318 positus
1315 2225 1317 2229 ’

126 2347 161 2404 et
191 2359 262 2402 cum
291 2337 351 2399 τοῦ
379 2330 503 2421 κλήρου
532 2334 779 2416 coniungendus.
833 2331 946 2417 Neque
976 2336 1079 2413 enim,
1104 2342 1140 2397 ut
1165 2335 1216 2398 Fr.
1241 2335 1282 2400 A.

124 2435 269 2503 Wolfius
290 2434 334 2496 ad·
352 2431 446 2496 [lem.
467 2432 591 2494 advers.
607 2431 702 2514 Lept.
722 2438 750 2512 5.
775 2438 826 2497 50.
848 2433 932 2517 (pag.
950 2437 1025 2512 472,
1042 2436 1085 2518 6.)
1108 2425 1282 2517 contendit,

123 2540 254 2603 omniuo
269 2535 557 2620 frequenter-casus
576 2535 690 2596 tertius
706 2555 764 2618 pro
784 2535 921 2598 secundo
940 2537 1082 2619 ponitur,
1105 2539 1162 2601 sed
1185 2537 1284 2604 habet

123 2627 187 2705 hoc
209 2659 332 2724 quoque
362 2636 483 2698 idioma
509 2641 628 2697 certam
658 2638 834 2716 rationem,
862 2639 1045 2722 expositam
1066 2659 1086 2700 a
1107 2636 1282 2704 Schaelero

124 2742 210 2828 App.
230 2741 269 2804 ad
292 2736 460 2802 Demosth.
484 2732 524 2799 Τ.
545 2731 587 2798 V.
604 2758 635 2820 p.
652 2741 732 2818 484,
755 2735 950 2803 Buttmanno
969 2761 1017 2823 gr.
1035 2761 1082 2823 gr.
1106 2744 1136 2818 5.
1161 2747 1231 2803 120.
1251 2765 1283 2804 ιι.

124 2849 145 2906 2
167 2865 235 2928 sq,
260 2837 446 2920 Bernhardy
469 2860 501 2921 p.
522 2841 577 2911 88;
609 2845 718 2901 nostro
740 2849 849 2904 autem
876 2839 947 2904 ldoo
970 2863 1073 2925 neque
1099 2863 1154 2904 cur
1179 2863 1282 2928 neque

124 2919 285 3030 quomodo
311 2941 417 3002 dativo
437 2959 495 3022 pro
518 2939 660 3021 genitivo
685 2961 762 3004 usus
785 2944 829 3004 sit
851 2945 987 3025 scriptor
1002 2942 1168 3028 expedias.
1211 2939 1282 3005 Nisi

123 3048 222 3130 igitur
243 3042 308 3106 alia
327 3041 410 3103 forte
432 3037 525 3102 huius
544 3039 774 3105 emendationis
792 3047 843 3104 est
864 3045 957 3121 ratio,
980 3065 1061 3127 quae
1084 3066 1137 3106 me
1155 3044 1283 3127 quidem

124 3145 217 3225 latet,
237 3143 380 3229 prolecto
399 3141 475 3204 ferri
493 3163 557 3204 uon
578 3142 705 3227 poterit.
746 3140 799 3204 Ad
816 3141 949 3206 alteram
964 3163 1040 3206 vero
1059 3145 1142 3230 quod
1157 3146 1282 3223 attinet,

124 3245 222 3308 velim
242 3245 378 3309 doceant
397 3244 457 3307 viri
479 3244 583 3322 docti,
610 3243 684 3328 quid
704 3264 934 3329 consequamur
956 3243 1105 3309 utilitatis
1130 3267 1200 3308 voc.
1227 3266 1284 3330 po-

125 3343 239 3421 ναικὸς
256 3344 374 3410 deleto.
415 3343 497 3408 Mihi
521 3345 646 3430 quidem
669 3335 689 3429 ἦ
712 3340 868 3430 ἑγγοῃιή,
889 3367 950 3430 qua
972 3347 1110 3410 dictione
1129 3367 1207 3408 usus
1234 3352 1285 3409 est

125 3451 235 3508 orator
253 3444 332 3510 locis
357 3469 377 3510 a
391 3445 612 3510 Schoemannc
634 3443 752 3526 alletia,
773 3465 906 3528 quorum
921 3445 1017 3510 facile
1035 3453 1163 3531 poterat
1180 3445 1282 3510 multo

123 3531 234 3634 plnres
257 3549 351 3612 etiam
371 3549 495 3628 afferre,
514 3544 534 3633 ἦ
556 3541 711 3634 ε’γγυηιή,
732 3547 877 3629 inquam,
896 3547 976 3611 mihi
1002 3548 1130 3634 quidem
1153 3570 1284 3634 prorsus

123 3649 213 3712 idem
234 3645 359 3710 videtin
376 3648 555 3734 significare
577 3646 662 3732 quod
683 3638 704 3732 ἦ
727 3643 862 3733 ἐγγυητὴ
885 3643 975 3734 γυνή,
996 3671 1091 3736 quam
1112 3651 1285 3713 dictionem

126 3757 162 3814 et
182 3751 286 3834 ipsam
308 3750 386 3810 satis
409 3751 590 3835 frequenter
612 3749 776 3832 usurpavit
804 3756 912 3811 orator
934 3751 966 3810 ia
987 3751 1097 3814 eadem
1123 3753 1286 3844 oratione3

124 3853 168 3926 cl
188 3857 237 3974 55.
253 3856 282 3914 8.
299 3854 397 3913 9.-
425 3849 470 3914 At
499 3851 633 3915 oontort
625 3871 673 3912 ror
698 3856 748 3911 est
735 3848 941 3913 tverhorum
964 3847 1150 3932 collocatio,
1181 3856 1208 3915 si
1230 3875 1286 3937 yo-

125 3952 240 4031 ναικὸς
260 3953 447 4016 retineatur.
465 3985 508 4001 —
549 3949 623 4014 Nou
645 3953 830 4030 contortior,
854 3953 977 4036 opinor,
999 3952 1058 4015 sed
1078 3951 1186 4038 paullo
1205 3951 1286 4015 lihe-

125 4057 210 4134 rior,
239 4075 301 4141 quo
319 4059 354 4117 et
373 4035 495 4115 numeri
517 4051 632 4116 fierent
659 4054 800 4137 aptiores
826 4060 860 4116 et
881 4075 920 4116 ea
940 4050 1060 4130 verba,
1094 4077 1173 4140 quae
1199 4055 1287 4116 vide

125 4162 236 4218 rentur
255 4158 358 4240 magis
389 4175 461 4218 esse
480 4153 704 4232 offerenda,
695 4174 767 4237 rpsa
792 4153 1003 4217 collocatione
1032 4159 1185 4220 maiorem
1207 4156 1290 4216 acci·
1345 4172 1352 4184 ·

125 4264 240 4340 perent
259 4259 334 4320 vim.
378 4253 469 4330 Quae
491 4273 543 4318 res
564 4273 628 4316 non
649 4251 776 4318 Isaeum
796 4257 911 4336 modo,
932 4257 989 4320 sed
1011 4263 1121 4322 omncs
1143 4265 1289 4341 oratores

125 4379 224 4443 saepe
249 4363 359 4438 movit,
384 4367 424 4421 ut
450 4363 646 4423 consuetum
677 4365 901 4442 receptumque
941 4355 1110 4422 herborum
1148 4357 1302 4419 ordinem

1000 4467 1079 4538 ,8*
