3044 4986
694 201 1044 283 -·74--’

23 411 24 418 ¹
113 417 120 428 ·
255 385 377 470 possis,
411 381 570 447 Fortunae
595 399 719 467 quoqne
747 377 950 446 simulacrum
976 383 1115 466 positum
1144 383 1243 448 luisse
1267 384 1302 447 ia
1328 385 1409 452 aede

254 483 404 568 Dionysi,
424 486 488 547 nisi
504 483 705 566 inscriptione
724 494 819 544 sexta
838 479 1004 565 probabile
1024 483 1224 564 redderetur,
1245 487 1409 556 exstitisse

254 587 338 670 apud
358 583 516 649 Minottas
536 582 623 646 aliud
640 583 797 669 quoddam
820 583 948 648 decies
961 591 1125 669 geniorum
1138 584 1317 665 delubrum,
1340 590 1408 672 qui-

252 667 320 751 bus·
328 687 496 750 Fortunam
509 699 648 749 nostram
663 686 868 749 adnumerare
878 683 996 749 licebit.
1018 715 1058 734 -ι
1078 685 1212 750 Maritus
1229 685 1407 772 §yntyohes

254 802 304 852 est
321 790 370 874 (v.
388 789 455 870 15.)
469 787 645 852 Antiochus
663 786 800 871 Epigoni
819 786 842 849 f.
883 785 937 850 Ad
953 787 1087 851 eandem
1105 786 1246 852 nobilem
1262 789 1406 855 divitem·

253 912 313 976 que
334 902 460 974 gentem
479 890 639 974 pertinere
663 887 850 952 crediderim
868 887 1024 973 quendam
1037 879 1210 974 Ἐπίγονον
1225 880 1405 972 Ἀντιόχου,

252 991 306 1073 qni
322 1002 513 1053 memoretur
529 990 564 1052 in
583 988 759 1072 fragmento
783 988 987 1053 vehementer
1007 983 1151 1054 mutilato
1173 991 1208 1054 in
1227 989 1347 1056 sacello
1362 989 1406 1056 D.

177 1153 179 1158 .
249 1087 417 1154 Michaelis
439 1090 518 1177 (τοῦ
534 1082 750 1175 Ἀσωμάιου)
774 1091 858 1177 apud
870 1088 1092 1176 Aegialenses.

796 1339 855 1406 IV.

329 1453 366 1519 In
380 1451 452 1520 basi
463 1476 640 1520 marmorea
651 1455 820 1541 quadrata,
840 1455 898 1522 sed
913 1455 1082 1524 admodum
1096 1452 1257 1549 mutiluta3
1278 1452 1404 1539 dedeo,

246 1560 329 1623 inter
340 1559 455 1624 rudera
473 1558 562 1623 aedis
575 1556 734 1644 Apollinei
750 1555 867 1642 Pptlt't'.

530 1928 597 1992 τῶν
617 1923 708 2012 πε]ρὶ
726 1923 785 1992 τὸν
804 1924 921 1994 Πύθι-

450 2050 488 2094 ον
503 2020 698 2095 Ἀπόλλωνα
721 2051 801 2118 κορ-

397 2132 417 2195 5
572 2125 681 2194 dalnart

447 2225 638 2318 decsrpov
658 2225 737 2313 (τὸν
754 2226 931 2318 τέταρτον)
950 2224 1048 2293 θέσει
1068 2225 1107 2292 δὲ

449 2375 582 2397 .....
604 2334 656 2411 ο]υ
678 2326 863 2418 melodific-

447 2451 526 2497 στον
545 2426 602 2496 τὸν
622 2424 760 2511 ἓ]αυιῶν
780 2422 836 2496 εὖ·

444 2529 592 2618 εργέτην]
612 2529 819 2618 χορηγήσαν-

373 2635 414 2693 10
443 2634 496 2711 to]
519 2673 588 2696 ...
609 2674 621 2695 .

300 2794 357 2861 ln
375 2798 477 2915 primo
497 2818 591 2860 versu
607 2797 681 2882 quid
702 2797 798 2862 luerit
817 2817 882 2862 non
900 2783 1067 2883 assequor3
1102 2789 1137 2862 in
1160 2796 1299 2861 secundo
1317 2817 1394 2882 pos·

237 2899 282 2962 sis
302 2900 472 2982 suspicari:
508 2890 689 2987 ὀρχη]σια[ἱ
715 2898 769 2964 vel
805 2893 1062 2988 κορδακι]σια[ί;
1098 2915 1182 2964 certa
1210 2901 1294 2963 enim
1315 2921 1417 3014 quo-

234 3003 284 3066 vis
304 3001 432 3064 modo
422 3022 457 3063 ιιι
476 2998 589 3064 litteris
609 3001 640 3065 1]
644 3003 738 3068 ΤΑΙΣ
758 3023 881 3066 errasse
908 2999 986 3064 mibi
1008 3000 1134 3082 videor,
1163 3012 1195 3064 et
1216 2975 1417 3064 rescriben-

235 3103 310 3166 dum
337 3102 396 3164 erit
420 3103 547 3167 L'TAI.
592 3099 644 3166 De
673 3101 759 3166 cultu
787 3101 946 3188 Apollinis
977 3098 1083 3184 Pythii
1113 3100 1198 3185 apud
1226 3099 1392 3165 insulanos

233 3222 365 3287 graecos
390 3201 461 3265 dixi
477 3223 579 3287 nuper
599 3205 633 3266 in
656 3201 840 3286 prolusione
867 3203 1064 3266 academica:
1095 3193 1373 3289 cipxotoloyt'u'
1331 3225 1392 3288 της
1450 3199 1452 3203 ’

232 3300 334 3389 νήσου
352 3295 500 3383 Σικίνου,
531 3323 612 3388 quae
628 3301 777 3386 praefixa
796 3316 845 3368 est
863 3303 961 3367 iudici
979 3299 1160 3366 scholarum
1179 3302 1391 3368 universitatis

234 3401 395 3466 Othoniae
413 3411 472 3487 par
490 3416 644 3480 semestre
661 3391 829 3469 hibernum
846 3409 930 3488 Q}
949 3400 1181 3482 habendarum,
1208 3423 1239 3487 p.
1262 3407 1313 3487 11.
1337 3410 1390 3469 12.

232 3502 305 3570 Hoc
330 3515 451 3585 autem,
480 3509 527 3571 in*
540 3527 602 3592 quo
629 3519 754 3591 reperta
774 3520 823 3573 est
836 3505 1022 3589 ‘inscriptio,
1053 3500 1206 3586 templum
1226 3501 1390 3589 Apollinis

234 3625 307 3668 esse
321 3616 454 3668 testatur
468 3611 635 3690 proximus
653 3629 779 3694 quoquc
796 3607 905 3672 titulus
917 3608 967 3690 (ιι.
983 3602 1025 3668 V.
1035 3603 1058 3686 ).
1098 3601 1136 3668 la
1148 3601 1273 3670 Dianae
1287 3606 1390 3672 hono-

232 3725 301 3770 rem
321 3706 471 3770 cordaces
492 3706 602 3771 saltari
623 3708 753 3790 solitos,
780 3709 865 3773 uude
888 3710 961 3792 ipsa
983 3707 1079 3768 etiam
1102 3704 1163 3770 dea
1181 3708 1266 3788 apud
1287 3707 1387 3775 Eleos

231 3806 407 3897 Κόρδακος
427 3829 601 3893 cognomen
617 3822 798 3895 acceperat,
826 3821 934 3873 auctor
955 3817 1003 3870 ert
1026 3804 1201 3874 Pausanias
1213 3806 1270 3873 Vl.
1283 3812 1334 3884 22,
1347 3809 1385 3878 13

191 3942 194 3948 ν
232 3909 404 3974 sedetiam
424 3910 463 3973 ad
485 3908 668 3995 Apollinem
695 3911 781 3975 idem
800 3910 976 3974 saltationis
998 3914 1099 3992 genus
1117 3909 1304 3994 pertinuisse
1321 3903 1385 3972 boc

230 4011 384 4096 primum,
417 4005 574 4093 nilallor‚
601 4011 693 4076 titulo
713 4013 870 4076 docemur.
914 4007 1083 4074 Choreutis
1102 4025 1224 4085 autem,
1240 4007 1295 4089 qui
1314 4027 1385 4071 cor-

231 4111 343 4174 dacem
370 4109 579 4194 saltaverant,
612 4127 753 4199 sumptus
787 4110 976 4200 praebuerat
1012 4112 1059 4196 (v.
1081 4117 1112 4174 9.
1135 4102 1383 4194 χορηγήσαντα)

104 4230 111 4252 ‘
229 4211 406 4292 Protimus,
432 4213 487 4296 qui
507 4208 636 4298 quarm
656 4217 851 4301 designatur,
880 4215 947 4305 sive
971 4215 1072 4300 quod,
1098 4221 1244 4292 utsupra
1260 4213 1385 4278 monui-

229 4335 318 4398 mus,
340 4315 409 4381 eius
423 4315 561 4384 montinio
575 4319 610 4386 iu
623 4317 736 4390 eadem
750 4329 846 4406 geute
858 4327 986 4408 quartum
999 4322 1102 4394 asset,
1122 4329 1182 4376 sou
1195 4311 1279 4399 quod
1289 4335 1384 4402 quar·
