3044 4986
507 147 914 294 ,1-8-

198 411 243 458 ex
267 388 405 458 Bacchis
425 389 594 456 »desumtes
621 394 655 456 in
681 389 778 456 Ranis
806 393 948 471 irrideri3
981 395 1072 460 enias
1094 392 1238 458 seihero
1257 396 1361 478 potuit

194 515 295 562 causa
309 515 401 573 esse,
422 492 508 578 quod
523 491 690 577 Euripides
715 496 818 558 minor
836 497 870 558 in
891 515 949 560 sne
969 497 1172 576 receruione,
1195 517 1275 581 quae
1287 495 1360 559 Ari·

199 593 370 679 stephanos
389 592 592 678 exploserat,
621 598 769 659 resecuit.
811 593 878 660 Sed
898 597 1040 682 profecto
1065 599 1179 662 mirum
1199 609 1304 676 esset,
1333 598 1362 660 si

200 715 271 760 eam
290 695 451 782 Euripidis
472 693 630 776 fabulam,
659 718 740 781 quae
759 695 952 773 cavillatorie
982 705 1048 762 tarn
1069 696 1192 782 largam
1212 697 1363 762 irridendi

198 795 368 886 praeberet
388 799 568 875 materiam,
597 799 737 862 comicus
760 809 857 883 poeta
875 801 909 862 in
930 797 1044 877 umis,
1073 796 1158 862 hand
1176 799 1275 863 multo
1289 810 1362 883 post

201 895 342 963 Bacchas
361 900 480 980 doctis,
512 897 662 964 vellicare
685 897 850 964 noluisset.
897 895 981 964 Nam
1001 900 1063 962 etsi
1086 897 1223 982 plurima
1246 902 1362 978 insunt,

200 1021 245 1062 ex
266 999 380 1086 quibus
402 999 599 1085 pmeclanrm
620 997 781 1084 Euripidis
806 1002 968 1086 ingenium
995 999 1135 1078 eluceat,
1168 1004 1276 1062 tamen
1295 1001 1363 1062 sive
1424 1057 1426 1061 ,

199 1110 326 1186 meotes
337 1106 434 1168 totius
449 1097 576 1164 fabulae
593 1104 829 1182 oeconomiam,
851 1104 919 1165 sire
940 1101 1046 1186 legem
1065 1101 1211 1165 carminis
1233 1097 1363 1162 liberio-

198 1221 268 1269 rem
282 1216 314 1268 et
328 1202 609 1288 negligentiorem,
627 1203 696 1264 sive
711 1201 965 1268 terriculamenta
977 1206 1104 1287 inepta,
1125 1200 1239 1288 quibus
1253 1197 1364 1286 plebe·

200 1300 291 1368 culae
320 1305 486 1388 imperitae
513 1299 678 1364 horrorem
704 1305 878 1384 incuteret,
918 1305 986 1368 sire
1012 1303 1181 1368 ridiculam
1201 1302 1300 1385 mythi
1322 1303 1364 1366 de

200 1401 345 1488 Dionyso
366 1408 401 1468 in
423 1402 509 1468 louis
530 1401 652 1466 femore
676 1401 822 1470 latitante
838 1404 1106 1490 explicationem,
1126 1407 1195 1468 ¹trivo
1215 1403 1364 1467 foedissi-
1459 1428 1463 1434 ‘

200 1505 415 1580 tuaruoaedis
433 1526 491 1588 per
509 1501 695 1568 furibundas
713 1505 864 1573 mulieres
884 1518 1085 1592 perpetratae
1107 1507 1364 1588 descriptionem,

201 1608 281 1679 utin
296 1604 477 1670 carnificina
492 1606 598 1689 potius
614 1625 705 1683 quam
723 1608 761 1668 in
770 1605 893 1671 theatro
910 1611 1032 1670 versari
1052 1606 1112 1672 tibi
1129 1607 1275 1685 videsue,
1295 1608 1364 1668 sire

201 1706 348 1792 indiguas
371 1706 654 1790 Dionysbpartes,
672 1718 706 1769 ut
724 1707 788 1772 alia
806 1707 933 1772 ilentio
947 1720 1163 1793 praeteream,
1186 1706 1303 1792 quivel
1319 1706 1366 1770 le-

202 1809 284 1872 viter
302 1809 476 1893 gustaverit
506 1827 653 1890 graecam
675 1811 788 1892 poesin
811 1806 954 1874 Bacchas
976 1830 1040 1873 non
1063 1811 1098 1873 in
1121 1811 1230 1894 primis
1249 1808 1307 1872 sed
1332 1811 1367 1870 in

202 1913 371 1994 postremis
389 1909 550 1993 Euripidis
570 1905 688 1972 fabulis
713 1907 876 1974 habendas
898 1932 969 1974 esse
990 1908 1166 1994 intelliget,
1189 1930 1366 1994 cumrquae

203 2009 235 2072 in
260 2009 419 2094 prioribus
438 2009 611 2093 tragoediis
625 2023 704 2074 'rara
726 2010 1004 2095 deprehenduntur
1022 2013 1100 2092 vitia
1122 2012 1156 2074 in
1178 2009 1238 2074 hac
1260 2032 1367 2074 cumu-

204 2106 271 2172 lata
283 2113 489 2194 reperiantur.
534 2107 625 2184 Quae
642 2114 712 2195 quis
731 2112 840 2176 credat
854 2109 1097 2194 Aristophanis,
1114 2113 1203 2174 acuti
1222 2115 1367 2196 poeticae

203 2212 329 2275 virtutis
344 2212 595 2290 existimatoris,
616 2213 718 2276 aciem
732 2213 872 2298 effugere
886 2210 1050 2300 potuisset
1081 2209 1150 2274 Imo
1160 2214 1367 2299 iteequidem

205 2315 326 2393 sentio,
356 2335 430 2380 euru
453 2312 552 2380 multo
581 2315 709 2397 saepius
734 2337 827 2400 quam
848 2313 945 2400 vulgo
965 2312 1119 2378 creditum
1138 2325 1188 2378 ast
1207 2312 1369 2398 Euripidis

206 2411 403 2482 Baccharum
417 2419 573 2482 rationem
587 2412 754 2496 habuisse,
772 2418 816 2480 ita
829 2416 974 2502 quidem,
994 2421 1031 2478 nt
1045 2416 1079 2479 in
1093 2417 1133 2478 iia
1146 2415 1292 2480 utendis
1305 2435 1370 2478 nou

205 2514 339 2599 singulis
359 2516 504 2580 versibus
524 2528 557 2580 et
575 2519 740 2580 sententiis
761 2516 958 2596 inhaereret,
979 2516 1037 2578 sed
1051 2524 1153 2580 totum
1168 2537 1249 2598 opus
1264 2517 1369 2577 aniruo

207 2614 395 2698 complexus
415 2615 577 2699 aliquanto
595 2613 710 2678 ruelius
741 2628 774 2678 et
801 2619 925 2679 acutius
944 2635 1024 2698 quae
1045 2617 1079 2676 in
1102 2637 1141 2677 eo
1161 2616 1371 2698 vituperanda

172 2783 175 2793 k
207 2728 314 2778 essent
334 2719 547 2800 perspiceret,
576 2735 670 2799 quam
691 2717 793 2780 nostri
817 2713 1038 2794 aeviqu'rdam
1059 2713 1202 2792 iudices,
1222 2715 1276 2799 qui
1299 2735 1371 2776 seu·

206 2819 376 2881 tentionem
402 2813 574 2883 luminibus
591 2826 630 2878 et
652 2814 822 2880 verborum
847 2811 1083 2900 magnificentia
1104 2817 1142 2878 in
1158 2813 1265 2878 multis
1290 2814 1371 2880 loeis

208 2922 378 3004 conspicua
403 2922 488 3002 capti
510 2918 640 2980 summis
664 2915 813 2982 laudibus
842 2917 923 2982 hauc
949 2916 1146 2999 tragoediam
1172 2929 1371 2980 ornaverunt.

209 3017 275 3084 Sed
296 3018 376 3084 haec
398 3021 541 3106 quaestio
569 3019 747 3102 longiorem
776 3020 908 3104 requirit
933 3017 1193 3102 disputationem,
1220 3039 1315 3104 quam
1336 3027 1374 3082 ut

208 3120 261 3186 hic
281 3121 406 3186 absolvi
424 3123 536 3206 possit.
577 3119 684 3184 Pauca
703 3143 785 3184 nuno
807 3118 967 3184 delibasse
985 3116 1138 3200 sufficiet,
1160 3131 1195 3182 ut
1215 3119 1374 3202 permulta

208 3225 241 3286 in
257 3222 481 3308 Aristophanis
497 3219 595 3286 Ranis
617 3221 755 3306 intelligi
769 3241 833 3286 non
847 3241 964 3305 posse,
984 3221 1047 3284 nisi
1061 3220 1233 3306 explicatio
1247 3233 1372 3305 petatur

145 3371 149 3382 .
210 3339 258 3388 ox'
269 3325 430 3410 Euripidis
442 3322 593 3403 Bacchis,
620 3323 795 3390 ostendam.
837 3321 977 3388 Primum
991 3321 1158 3387 illustrabo
1174 3321 1298 3403 locum,
1320 3323 1374 3408 qui
1488 3343 1490 3350 ’

210 3417 422 3510 legiturllun.
442 3447 487 3488 vs.
504 3429 569 3488 316
582 3446 629 3510 sq.

335 3519 429 3591 τοῦτ’
443 3517 515 3592 ἔστ’
532 3523 656 3604 ἐκεῖνο,
677 3517 837 3606 stanoa’,
859 3519 895 3592 οἱ
913 3520 1122 3614 μεμυημένοι

328 3623 484 3694 ,ἐνταῦθα
501 3647 570 3692 που
588 3620 780 3706 παίζουσιν,
809 3617 868 3706 οὓς
885 3621 1011 3716 ἔφραζε
1030 3628 1106 3713 νῷν.

193 3811 199 3818 .
337 3716 492 3815 ᾄδουσι
512 3728 611 3813 γοῦν
629 3717 876 3810 τὸνἼακχον
896 3722 1018 3815 ὅνπερ
1040 3724 1270 3815 Διαγόρας.

276 3825 395 3892 Merito
413 3831 476 3893 iam
491 3827 652 3892 veteribus
669 3827 918 3912 explicatoribus
932 3830 1045 3891 mirum
1060 3827 1121 3892 hoo
1141 3841 1174 3892 et
1188 3823 1374 3893 incredibile

144 3989 146 3995 .
210 3935 314 3996 visum
339 3943 405 4011 est,
440 3930 524 4015 quod
555 3933 670 3996 initiati
699 3931 843 3994 dicuntur
875 3951 989 3994 canera
1016 3949 1143 3992 carmen
1165 3931 1200 3992 in
1220 3929 1395 3992 honorem2

165 4083 168 4088 .
211 4031 349 4112 Bacchi,
379 4032 464 4117 quod
485 4033 635 4096 cecinerit
654 4030 822 4116 Diagoras.
863 4029 982 4114 Ecquis
1004 4031 1089 4093 euim
1111 4031 1233 4108 eredat,
1254 4026 1375 4113 Diago-

211 4157 298 4213 ram,
335 4135 390 4219 qui
415 4133 493 4198 deos
521 4153 596 4196 esse
621 4135 749 4217 negavit
773 4145 805 4196 et
825 4143 956 4216 proptor
981 4141 1140 4194 contemta
1161 4131 1312 4211 mysteria
1334 4128 1375 4192 ab
1423 4175 1424 4178 η

105 4263 108 4271 “
210 4233 461 4302 Atheniensibus
479 4232 584 4300 solum
604 4247 731 4298 sertore
752 4246 881 4298 cossura
902 4243 969 4312 est,
1005 4230 1068 4294 tale
1097 4249 1224 4294 cannen
1247 4251 1377 4316 compo·

210 4342 330 4416 scisse,
350 4346 421 4416 aut,
453 4337 482 4400 si
502 4337 710 4422 conposuit,
727 4336 761 4400 id
780 4333 1123 4406 sacrorn-initiatorum
1144 4339 1273 4400 coetum
1293 4331 1378 4420 apud
1404 4417 1406 4420 Ι
