3044 4986
653 250 712 266 ..
770 205 825 284 70
885 247 942 262 ...

294 375 373 444 Noli
388 393 493 446 antem
514 385 719 468 eispactam,
738 382 783 446 mi
805 379 1042 462 Funkbaeneli,
1068 401 1120 444 me
1142 381 1183 446 iis
1199 381 1299 448 titulis
1317 384 1376 450 ali·

213 501 306 566 quam
326 483 366 546 de
383 481 517 568 Amorgi
536 487 619 563 situ,
647 482 781 546 historia
805 493 838 546 et
865 480 1102 568 antiquitatibus
1130 482 1377 568 disputationem

215 603 287 645 esse
303 583 533 667 praefixurum:
563 583 647 668 quod
663 584 843 669 quominus
860 580 920 646 hoc
939 582 1012 648 loco
1030 581 1146 647 faciam
1168 589 1375 668 gravissimas

123 741 125 746 .
214 679 319 746 babeo
332 688 482 750 rationes.
520 682 604 750 Nara
620 706 700 770 quae
715 676 798 769 apud
815 694 941 748 veteres
956 687 1126 768 scriptores
1142 686 1182 750 de
1196 688 1258 748 ista
1273 687 1378 750 insula

214 785 329 848 tradita
354 789 551 872 reperiuntur
573 798 605 849 et
627 806 729 870 pauca
750 795 823 848 sunt
844 795 876 848 et
898 806 975 848 vero
1001 787 1078 848 satis
1099 787 1164 849 iam
1190 799 1267 850 nota
1290 791 1378 851 trita·

215 906 294 969 que;
322 908 403 972 quae
421 899 527 951 autem
549 887 594 951 ex
618 887 753 971 antiquis
770 884 930 968 lapidibus
947 887 988 950 ad
1008 885 1211 950 illustrandas
1230 885 1378 974 Amorgi-

213 1005 327 1050 normn
347 1009 399 1050 res
420 986 531 1052 civiles
560 987 745 1073 divinasque
769 985 889 1048 addisci
917 999 1051 1070 possunt
1078 989 1163 1059 adeo,
1185 999 1258 1080 sunt
1279 989 1379 1053 inulta

215 1094 248 1150 et
265 1087 418 1172 insignia,
440 1099 476 1156 ut
498 1083 675 1171 pleniorem
699 1085 861 1151 naulorum
887 1083 1132 1172 Amorginoram
1155 1083 1378 1154 collectionem

212 1186 438 1253 instituendam
457 1185 536 1250 mihi
554 1186 624 1252 iore
647 1188 773 1252 videam
800 1198 969 1272 antequam
994 1188 1072 1250 'satis
1096 1199 1162 1252 tute
1193 1193 1377 1276 etcopiose

214 1286 256 1350 de
270 1285 337 1352 illis
350 1287 447 1356 rebus
463 1289 616 1374 disputari
633 1300 737 1374 queat.
780 1281 881 1351 Cuius
896 1285 1022 1350 consilii
1042 1290 1108 1352 mei
1130 1310 1244 1353 causas
1263 1303 1298 1353 ut
1318 1291 1378 1356 tibi

214 1409 340 1474 quoquo
361 1391 571 1474 persuadeam
595 1388 811 1477 probamque,
837 1385 1031 1473 prolusionis
1056 1387 1129 1453 loco
1151 1388 1290 1456 breviter
1312 1393 1378 1457 iam

214 1488 369 1570 narrabo,
391 1491 516 1577 quando
538 1503 571 1556 et
597 1489 801 1578 quambrevi
819 1490 970 1574 temporis
991 1490 1094 1574 spatio
1116 1488 1175 1555 has
1198 1514 1277 1578 quas
1294 1515 1379 1560 nunc

216 1589 278 1652 edo
299 1589 442 1677 aliasque
461 1590 652 1677 Amorginas
672 1594 893 1676 inscriptiones
913 1589 1064 1675 colligere
1085 1589 1163 1656 mibi
1182 1596 1358 1678 eontigerit.

298 1688 488 1775 Appulimus
516 1695 613 1778 igitur
636 1693 738 1780 pridie
760 1687 845 1756 Non.
869 1689 958 1776 Sept.
982 1688 1042 1754 sub
1058 1713 1214 1757 ‚occasum
1234 1692 1314 1758 solis
1339 1696 1381 1760 ad

184 1809 190 1824 ·
214 1786 349 1875 Amorgi
367 1791 490 1856 insulae
512 1815 584 1858 eum
604 1806 747 1879 portum,
774 1814 867 1878 quem
882 1790 979 1856 hodie
1001 1788 1043 1856 τὰ
1063 1791 1256 1860 Κατάπολα
1272 1797 1382 1883 appel-

214 1888 300 1968 lant;
322 1892 457 1975 ideireo,
478 1896 512 1958 ni
527 1892 640 1974 fallor,
661 1895 747 1980 quod
766 1889 850 1958 nond
871 1889 930 1979 τὴν
952 1888 1052 1957 πόλιν
1073 1896 1152 1958 situs
1169 1908 1227 1958 est.
1257 1895 1295 1960 In
1309 1901 1380 1983 ipso

214 1989 323 2057 littore
337 1997 481 2059 visuntur
495 1998 642 2080 antiquae
663 1993 793 2059 Minoes
815 1994 946 2068 rudera3
967 1990 1083 2058 collem
1099 2017 1119 2058 a
1132 1996 1263 2060 meridie
1276 2001 1381 2083 portui

214 2092 432 2160 imminentem
450 2118 511 2162 arx
532 2107 750 2182 occupaverat
792 2093 991 2163 Hodiernum
1018 2107 1125 2157 autem
1151 2097 1302 2180 oppidum
1321 2102 1383 2165 tria

215 2193 340 2259 circiter
352 2193 390 2259 M
402 2219 488 2282 pass.
502 2217 522 2262 a
536 2208 631 2283 portu
643 2194 752 2275 abest,
771 2197 804 2260 in
823 2196 930 2260 medio
953 2206 1140 2260 montuosae
1161 2193 1285 2262 insulae
1302 2200 1379 2284 ingo

214 2294 320 2358 situm.
363 2294 434 2365 Vix
462 2301 540 2363 satis
568 2299 633 2362 diei
663 2291 844 2382 supererat,
873 2309 907 2361 ut
936 2295 1060 2360 delubri
1086 2294 1248 2382 Apollinis
1275 2300 1382 2385 Pythii

217 2395 323 2481 (inser.
332 2395 390 2463 IV.
398 2396 454 2484 V.)
462 2399 616 2466 deformia
626 2398 741 2464 rudera
752 2397 959 2463 lustraremus
972 2410 1004 2463 ot
1017 2398 1139 2484 aliquot
1155 2399 1265 2465 titulos
1279 2413 1381 2470 trans-

216 2496 437 2563 scriberemus.
484 2499 616 2564 Postera
636 2500 726 2578 luae,
760 2523 822 2585 quo
849 2504 1021 2564 vitaremus
1044 2502 1182 2564 aestivos
1205 2501 1327 2569 calores
1349 2518 1382 2570 ot

217 2610 345 2662 caetera
374 2602 531 2664 terrestris
559 2603 632 2664 viae
659 2599 877 2678 incommoda,
909 2597 1018 2664 lembo
1045 2602 1206 2686 remisque
1238 2604 1383 2672 vehimur

217 2697 392 2782 Aegialeo,
425 2721 506 2780 quae
531 2721 551 2762 a
569 2697 679 2763 MInoo
701 2700 948 2783 septentrionem
968 2721 1079 2766 versus
1105 2716 1239 2787 quatuor
1260 2709 1384 2794 oiroitm

217 2797 368 2867 horarum
380 2802 581 2884 navigatione
598 2801 702 2864 distat.
734 2798 886 2884 Aegialos
901 2821 1027 2886 quoque
1040 2801 1125 2866 baud
1137 2826 1258 2889 paucae
1274 2829 1384 2894 soper-

218 2913 309 2983 sunt,
329 2903 389 2966 sod
399 2903 531 2966 nimium
547 2923 677 2968 eversae
691 2902 875 2987 ductaeque
887 2899 1060 2989 reliquiae3
1080 2905 1115 2970 in
1128 2906 1256 2974 sacellis
1275 2923 1382 2977 autem

122 3079 123 3084 γ
219 3001 454 3089 aediculisqua,
475 3025 555 3089 quae
573 3005 656 3082 circa
668 3003 820 3087 oppidum
833 3015 865 3068 ot
878 3025 937 3090 per
950 3005 1087 3069 vicinum
1102 3029 1247 3094 eampum
1260 3011 1382 3098 disper-

218 3124 277 3169 sae
305 3107 434 3189 iaceot,
456 3117 509 3170 sat
535 3104 681 3170 multum
695 3102 865 3170 titudoram.
907 3104 978 3169 Hos
1010 3105 1084 3169 dum
1117 3111 1381 3196 transscribimus,

220 3207 331 3270 teritur
350 3205 437 3285 dies,
463 3225 565 3290 nequo
587 3227 687 3290 usqae
711 3205 896 3276 advicinos
916 3227 1018 3292 pagos
1047 3209 1125 3294 (τῆς
1144 3205 1315 3302 Αἰγιάλης
1339 3215 1382 3284 τὰ

218 3302 346 3396 χωρία)
373 3308 408 3371 ia
429 3303 589 3370 montibus
620 3307 698 3370 sitos
725 3307 876 3390 progredi
893 3306 1000 3389 licuit,
1035 3307 1091 3372 ubi
1108 3313 1276 3394 postmodo
1296 3327 1394 3383 eom·‘

220 3410 360 3492 perimus
395 3405 506 3491 templi
532 3403 695 3492 Minervae
722 3404 864 3471 Poliadis
892 3411 1029 3494 vestigia
1060 3412 1216 3495 quaedam
1250 3429 1382 3484 exstare

222 3506 452 3590 (inscr.VlIl.);
473 3507 532 3572 sed
546 3529 648 3592 paene
659 3519 754 3572 noctu
765 3509 799 3572 in
815 3505 1039 3594 Catapolorum
1047 3525 1172 3596 portum
1185 3505 1398 3586 revortirnur.‘

221 3607 307 3672 Hinc
320 3605 408 3671 VIII.
421 3607 497 3673 Idus
510 3609 598 3693 Sept.
610 3612 644 3672 ia
660 3609 809 3694 oppidum
825 3612 1042 3693 ascendimus,
1061 3612 1117 3676 ubi
1137 3613 1382 3704 Amorginorum

224 3709 422 3789 demarchus,
443 3709 624 3774 Demetros
640 3699 781 3790 Gaurus,
796 3712 1002 3797 complurium
1015 3713 1177 3780 titulorum
1186 3721 1380 3807 antigrapho,

224 3810 364 3876 altone
389 3808 467 3876 oliin
494 3810 712 3896 ludimagistro
741 3812 874 3899 aliisque
909 3815 1067 3895 conlecta,
1105 3816 1279 3886 liberaliter
1302 3818 1381 3885 nrihi

222 3910 477 3977 transscribenda
498 3915 670 3987 concessit3
701 3911 783 3978 alios
799 3914 938 4000 lapides,
959 3913 1000 3980 ab
1026 3919 1192 4002 oppidanis
1216 3943 1259 3986 ex
1281 3918 1382 3983 Arce-

224 4017 309 4078 sines
328 4012 382 4090 vel
401 4012 528 4081 Minoes
548 4013 713 4082 ruderibus
736 4029 934 4102 apportatas,
963 4013 1260 4106 ipsa'transscripsi:
1283 4018 1380 4107 longe

146 4191 149 4195 .
224 4128 331 4179 autem
350 4114 458 4200 pluras
479 4119 514 4182 in
531 4113 771 4202 Aegialensium
793 4121 871 4184 vicis
893 4123 1088 4208 eaeterisque
1103 4121 1225 4184 insulae
1238 4121 1381 4206 partibus

225 4229 355 4282 exstare
375 4228 461 4302 certo
482 4222 632 4304 comperi.
673 4219 740 4284 Sed
760 4221 1011 4306 qnid-iacereml
1054 4221 1136 4287 Oeta
1154 4220 1195 4284 ad
1216 4225 1381 4291 minimum

226 4320 353 4386 diesin
375 4317 480 4385 insula
499 4319 583 4387 beno
610 4323 834 4410 perscrutanda
861 4323 939 4392 mibi
966 4322 1198 4407 consumendos
1223 4323 1381 4408 videbam,
