3044 4986
504 157 902 288 ’-ιιι-.-.

134 402 258 446 summo
274 379 385 446 talium
399 369 505 446 rerum
516 377 621 452 iudice
634 375 719 462 Aug.
729 374 886 446 Boecldt‘a
902 381 934 444 in
951 377 1028 447 (3.1.
1045 373 1085 446 G.
1097 378 1138 446 Π.
1152 384 1293 460 abdai..

134 507 161 549 c.
177 477 307 548 editum.
335 481 478 568 Uterque
495 479 605 544 titulus
617 479 792 546 clarissime
807 481 1022 562 demonstrat,
1036 503 1130 568 quam
1144 482 1293 550 infestum

132 589 290 670 proximis
319 606 361 650 a.¹
379 581 454 648 Chr.
482 604 513 646 ιι.
544 578 680 646 saeculis
706 601 795 644 mare
822 579 988 666 Aegaeum
1012 583 1107 648 fuerit
1134 586 1293 669 spiratis.

132 687 269 752 Etiamsi
297 686 382 749 enim
410 683 450 746 de
478 681 571 766 Syria
596 684 800 766 inscriptione
829 693 868 744 et
885 683 925 746 de
948 681 1012 746 ulia
1032 683 1167 767 quadam
1188 682 1292 750 Teniu
1344 755 1351 770 .

134 788 196 872 (ib.
219 809 249 850 n.
271 789 364 850 2335.
386 783 492 880 v.8.)
513 781 678 848 Boeokhio
706 777 941 847 assentiendum
959 805 1030 849 esse
1051 782 1144 847 video
1164 786 1208 868 Ἴ,
1238 786 1292 872 qui

132 899 263 974 propter
283 883 413 951 nimiam
438 883 590 969 loquendi
606 883 824 969 prolixitatem
842 895 874 948 et
895 882 1030 968 plurima
1047 885 1175 948 menda
1186 886 1292 951 ortho-

132 989 283 1075 graphica
304 1000 468 1070 utramquc
486 986 527 1059 ad
550 988 721 1070 piratarum
738 985 932 1049 incursiones
952 986 1122 1070 postmodo
1135 1008 1155 1050 a
1170 984 1291 1073 Magno

132 1090 286 1176 Pompeio
308 1109 507 1172 compressas
529 1085 728 1150 referendam
749 1107 819 1149 esse
833 1098 938 1170 putat:
969 1084 1041 1150 hnic
1055 1097 1161 1151 tamen
1174 1087 1291 1152 Antor-

131 1194 208 1277 gino
232 1191 360 1254 decreto
376 1191 542 1274 quominus
561 1187 694 1251 eandem
710 1183 845 1251 aetatem
861 1189 1060 1270 assignemus
1074 1201 1291 1282 vetantprae-

133 1307 181 1373 ter
209 1292 350 1356 limatius
381 1290 506 1354 dicendi
529 1309 633 1373 genus
646 1290 798 1373 inprimis
826 1290 1011 1373 antiquioris
1045 1290 1290 1379 orthographiae

132 1393 217 1457 haud
231 1391 409 1479 spernenda
425 1393 562 1474 vestigia
585 1391 633 1474 (e.
646 1410 694 1474 gr.
708 1390 776 1454 iota
791 1388 1000 1475 subscriptum
1013 1390 1117 1458 ubivis
1133 1393 1289 1470 additnm3

130 1517 161 1560 v.
184 1501 215 1558 8.
238 1496 311 1576 ιῶμ
332 1487 481 1566 mairacum
522 1513 550 1555 v.
572 1497 623 1555 21.
651 1491 724 1574 τῶμ
744 1485 942 1566 cateridem
980 1513 1012 1556 v.
1035 1498 1085 1557 10.
1119 1491 1290 1582 Δωριέοςς

130 1617 161 1662 v.
175 1602 226 1660 22.
240 1608 272 1659 et
287 1599 337 1658 23.
360 1583 462 1674 ἅχθεῖ
479 1606 512 1658 et
532 1594 678 1682 πραθεῖ,
698 1593 795 1676 cett).
837 1589 961 1667 Quodsi
978 1592 1152 1668 litterarum
1163 1617 1288 1681 quoque

130 1697 250 1776 sorana,
271 1698 305 1759 in
318 1693 505 1780 antigrapho
519 1697 632 1761 ceteris
646 1697 679 1758 i'n
696 1691 790 1760 rebus
803 1696 881 1758 satis
898 1693 1065 1779 diligenter
1085 1697 1188 1778 facto,
1208 1695 1290 1762 fide·

130 1795 204 1863 liter
223 1817 378 1882 expressa
388 1807 454 1875 est,
475 1817 539 1860 aon
564 1794 672 1858 dubito
693 1797 768 1880 quin
786 1793 839 1858 hic
852 1795 961 1859 titulus
976 1798 1017 1861 ad
1031 1795 1165 1863 Achaici
1179 1799 1289 1862 foede-

130 1902 175 1964 ris
197 1911 342 1983 tempora
370 1897 438 1959 sive
470 1883 510 1961 ad
531 1894 634 1960 finem
654 1897 737 1959 tertii
761 1892 814 1958 vel
840 1887 1088 1982 ad‘principium
1108 1901 1238 1972 secundi
1256 1922 1288 1966 a.

132 1999 207 2064 Chr.
222 2022 253 2064 n.
268 1997 389 2063 saeculi
403 2001 570 2082 pertineat.
591 1995 736 2082 Namque
751 2018 791 2060 ne
807 1993 1019 2061 Macedonum
1040 1999 1166 2084 quidem
1184 2011 1287 2064 aetate

43 2093 46 2102 ’
130 2123 232 2187 neque
252 2098 386 2167 Achaioi
409 2100 549 2164 foederis
577 2097 772 2183 temporibus
794 2099 913 2182 piratas
938 2099 973 2160 in
994 2096 1108 2184 Aegeo
1130 2102 1211 2163 mari
1233 2101 1288 2164 de-

129 2204 229 2267 fuisse
244 2205 321 2267 satis
335 2200 495 2265 luculento
511 2202 692 2265 testimonio
709 2204 758 2279 (ut
770 2197 834 2262 alia
848 2202 984 2278 taceam)
1003 2203 1194 2265 comicorum
1213 2214 1288 2265 ruat

128 2302 297 2387 reliquiae,
317 2299 485 2387 Plautique
506 2313 539 2366 et
555 2299 700 2364 Terentii
711 2297 840 2366 fabulae
856 2301 1051 2384 superstites
1089 2299 1161 2364 ¹Sed
1180 2300 1307 2365 videa·-

128 2423 199 2466 mus
215 2405 279 2464 iam
293 2399 429 2483 singula.
488 2454 496 2472 „

210 2517 253 2584 V.
275 2523 305 2582 2.
329 2516 414 2582 haud
433 2513 685 2603 improbabiliter
706 2513 853 2602 supplevi
874 2507 1074 2604 Σωτηρίδης.
1122 2514 1288 2584 Genitivus

131 2613 268 2694 Φείὃιος
285 2619 318 2680 in
333 2619 553 2683 eodem'versu
568 2631 617 2681 est
632 2639 652 2680 a
666 2617 859 2680 nominativo
879 2617 1007 2695 Φεῖδις,
1030 2629 1065 2681 ut
1080 2617 1289 2704 &stellabitur

128 2745 159 2788 v.
177 2727 208 2784 3.
237 2743 257 2783 a
275 2717 478 2804 deicidarum,
508 2731 540 2784 et
564 2714 755 2802 Θεοθέμιος
780 2719 814 2781 in
834 2716 925 2782 titulo
949 2716 1099 2783 Theraeo
1125 2720 1244 2784 inedito
1266 2743 1287 2786 a
1347 2777 1348 2780 ,

132 2816 310 2904 Θεόθεμις.
353 2817 517 2884 Soterides
545 2831 650 2886 autem
678 2832 727 2884 est
753 2815 977 2909 Κοσυλλίιης,
1010 2821 1096 2908 qnod
1124 2833 1173 2885 est
1200 2820 1286 2888 haud

127 2923 225 2989 dubie
264 2942 381 2986 nomeu
417 2921 625 3000 demotioum‚
673 2921 938 3006 quemadmodum
985 2968 1029 2988 ..
1057 2943 1150 3010 σιιης
1192 2923 1285 3008 (fort.

127 3020 290 3113 Νησίιης,
313 3045 333 3085 a
353 3021 494 3106 parvulis
515 3021 628 3088 insulis
647 3020 788 3106 Amorgo
805 3025 951 3107 proxime
969 3021 1195 3107 adiacentibus)
1209 3026 1285 3090 inv.

95 3149 98 3154 ·
129 3138 250 3214 quarto.
292 3123 486 3188 Huiusmodi
506 3124 663 3188 demotica
684 3125 885 3209 'reperiuntur
902 3126 936 3188 in
952 3123 1097 3209 plurimis
1113 3123 1285 3189 insularum

128 3226 325 3307 civitatibus,
346 3246 378 3291 v.
398 3247 425 3290 c.
448 3219 596 3312 Ναξίτης
614 3226 648 3289 in
667 3225 795 3290 decreto
815 3223 907 3308 Syrio
922 3221 1179 3309 supralaudato,
1197 3219 1286 3291 Ὺλι-

113 3323 220 3414 ’χίδης
244 3330 278 3392 in
298 3325 390 3392 titulo
416 3325 552 3413 quodam
572 3323 681 3408 Ceo,
686 3349 731 3391 ex
750 3313 871 3407 Iulida,
905 3347 999 3412 quem
1021 3346 1122 3414 nuper
1142 3327 1175 3388 in
1201 3325 1283 3390 dtur.

128 3428 286 3494 arcbueol.
265 3429 439 3494 rualene
452 3428 574 3508 edidi,
577 3441 717 3492 eett-
742 3427 819 3492 ln”
798 3449 839 3490 ns
859 3449 939 3513 quae
953 3427 1101 3511 proxime
1114 3441 1286 3513 sequuntur

128 3543 207 3596 nota
228 3528 454 3595 anacoluthont
485 3525 618 3616 ἐπειδὴ
630 3530 814 3622 πειρατῶν
818 3521 1113 3620 ἐμβαλόντων
1050 3563 1089 3573 -
1112 3563 1151 3573 -
1174 3563 1213 3574 -
1233 3521 1286 3594 aba

129 3629 296 3718 ἐξέκοψαν
327 3642 421 3720 cett.;
434 3629 518 3693 sed
542 3629 618 3693 talia
643 3613 867 3697 anacolutha'
858 3652 892 3692 m
912 3584 1145 3712 psephismatis
1160 3632 1285 3713 graecis

129 3732 294 3798 tritissima
318 3751 389 3794 esse
406 3751 501 3794 nemo
522 3743 579 3794 cst
592 3733 666 3817 quin
687 3733 883 3808 noverit-
904 3727 948 3792 V.
970 3735 1020 3793 11.
1042 3728 1259 3794 offendimur'
1250 3753 1284 3794 m

73 3845 80 3850 '
126 3821 334 3921 particula'
301 3853 321 3894 a
356 3831 421 3912 (τε)
443 3844 517 3916 post
535 3825 665 3913 dbvxov:
689 3833 754 3898 ,sed
769 3831 808 3896 ab
822 3833 944 3922 voptimo
957 3829 1141 3914 apographo
1157 3851 1221 3894 non
1237 3842 1283 3896 te·

127 3956 214 4000 mere
236 3931 460 3996 discedendum
483 3953 554 3996 esse
574 3945 730 4018 putamus.
753 3971 792 3981 -
820 3931 862 3996 V.
886 3937 936 3996 20.
964 3933 1020 3994 vix
1043 3929 1130 3992 aliud
1155 3932 1283 4018 supple-

125 4049 266 4101 mentum
291 4031 399 4096 locum
427 4029 556 4098 habebit
581 4055 675 4121 quara
703 4027 889 4123 ὁμ1ηριύειν
895 4081 906 4113 ,
942 4031 1028 4114 quod
1058 4029 1212 4098 dedimus.
1240 4069 1283 4083 -

126 4251 155 4320 *)
177 4247 352 4318 Quamquam
369 4249 400 4300 in
418 4249 511 4302 Tenio
528 4250 622 4319 lapide
642 4251 806 4311 litterarum
826 4263 862 4302 ea
883 4251 930 4304 ert
944 4247 1049 4314 forma,
1076 4259 1149 4320 quae
1163 4245 1283 4318 Pompe·

192 4334 260 4388 iana
276 4335 364 4390 etiam
382 4340 479 4392 aetate
496 4337 640 4392 recentior
655 4335 756 4400 haberi
776 4337 879 4408 possit.
