3044 4986
545 255 831 334 ..ιρ-

107 453 233 498 censeo.
277 429 409 515 Corrige
431 431 531 494 enim:
565 420 641 496 ob‘te
658 427 678 497 ό
696 429 830 510 άλούς.
875 433 1028 498 Similiter
1049 436 1083 498 in
1102 431 1269 497 Demostb.

106 537 176 600 adv.
198 534 378 611 Andros&
398 535 427 595 7.
441 553 472 615 p.
488 535 559 594 595.
584 552 643 616 pro
669 528 765 622 disqu
790 534 856 622 δρός
879 534 1004 600 Gellius
1025 534 1070 600 X.
1098 539 1148 599 19.
1171 533 1269 599 babet

108 631 210 722 ἁλῷς.

180 735 288 802 Aliud
304 731 487 818 exemplum
507 731 620 798 leviter
638 737 853 820 inspectorum
877 743 911 801 et
930 737 1145 802 consultorum
1168 736 1268 802 libro-

103 859 174 902 rum
191 851 301 922 promo
317 858 361 900 ex
375 835 489 898 eodem
503 834 648 920 dialogo,
669 834 724 899 ubi
739 860 771 920 p.
791 843 862 902 506.
879 836 920 902 l).
944 838 1024 902 baec
1044 837 1160 902 babes:
1180 831 1268 904 άλλιλ
1368 825 1370 830 ’

103 939 165 1023 μὲν
192 935 232 1025 dr}
260 933 283 1024 ἥ
309 958 345 1023 γε
373 927 474 1024 άρετὴ
503 929 644 1001 ἑκάστου
673 933 730 1001 καί
761 934 898 1016 σκεύους
932 937 990 1004 καί
1025 936 1178 1021 σώματος
1211 939 1268 1005 καί

103 1040 214 1128 ψυχῆς
240 1029 290 1102 -αὗ
327 1030 391 1102 καί
421 1033 507 1117 ζιόου
534 1034 676 1114 παντός,
720 1029 797 1118 οὐχ’·
826 1035 958 1117 οὕτως
988 1034 1085 1126 εἰκῇ
1108 1036 1269 1109 κάλλιστα

104 1135 358 1229 παραγίγνεται,
391 1130 477 1204 άλλά
498 1123 591 1215 τάξει
611 1134 667 1201 καί
687 1128 850 1226 ὀρθότητι
871 1137 928 1204 καί
953 1139 1066 1227 τέχνῃ,
1098 1135 1170 1226 ἥτις
1191 1136 1268 1206 ἑκά.
1319 1187 1327 1200 .

104 1261 172 1326 στφ
193 1232 399 1308 ἀποδίδοται
419 1233 536 1304 αὐτῶν.
579 1237 663 1302 Illud
681 1231 740 1318 οὐχ
761 1251 833 1302 ante
855 1236 960 1317 οὕτως
973 1240 1065 1304 abest
1082 1240 1121 1304 ab
1140 1244 1268 1326 optimis

103 1342 213 1422 libris,
240 1364 298 1426 pro
321 1336 427 1418 οίίτιυς
448 1338 675 1404 exhibentibus
700 1332 740 1404 οὐ
761 1342 818 1425 τῷ.
866 1338 999 1426 Corrige
1019 1344 1130 1426 igitur:
1161 1334 1200 1406 od
1221 1345 1269 1429 τῷ

103 1437 178 1529 εἰκῇ
198 1439 357 1508 κάλλιστα
378 1437 627 1530 παραγίγνεται.
668 1437 754 1525 Vide
770 1440 893 1506 l'bileb.
907 1449 1005 1526 p.‚28.
1021 1441 1062 1506 D.
1083 1439 1122 1508 τό
1145 1439 1269 1508 καλού-

103 1564 203 1624 μενον
229 1537 309 1608 ὅλον
338 1538 572 1631 ἐπιτροπεύειν
599 1543 715 1630 φῶμεν
735 1539 794 1630 τήν
822 1544 896 1607 τοῦ
922 1535 1078 1628 ἀλόγου
1099 1540 1156 1608 καί
1174 1539 1267 1632 εἰκῇ

104 1641 251 1726 δύναμιν.
295 1641 420 1710 Τὶιαεε.
443 1668 475 1731 p.
495 1649 546 1710 34.
562 1640 600 1708 C.
630 1641 820 1727 μετέχοντες
847 1644 924 1709 τοῦ
948 1641 1268 1732 προστυχόντος

103 1765 141 1808 τε
161 1766 224 1810 και·
239 1766 342 1834 εικγγ.

188 1991 243 2057 Ad
269 1993 448 2059 Conuiuium
475 1992 618 2058 Plutonis
648 1992 879 2058 emendandum
907 1993 970 2056 etsi
1004 1993 1069 2056 viri
1091 1995 1268 2060 acutissimi
1314 2037 1333 2072 ,=

106 2093 211 2158 studia
238 2117 296 2158 sua
322 2095 539 2174 contulerunt,
579 2107 687 2159 tamen
713 2095 865 2180 plurimas
896 2092 1037 2158 maculas
1072 2116 1152 2180 opus
1187 2096 1269 2163 illud

105 2194 270 2258 aureolum
291 2197 458 2261 foedantes
480 2194 607 2260 relictas
633 2218 705 2260 esse
729 2217 792 2259 non
811 2197 998 2260 mirandum.
1038 2195 1148 2260 Facile
1173 2201 1269 2283 igitur

104 2300 233 2360 veniam
251 2320 302 2361 mc
322 2302 560 2382 impetraturum
582 2319 692 2383 spero,
714 2299 742 2359 si
763 2296 822 2361 hac
839 2296 947 2360 oblata
962 2300 1128 2361 occasione
1144 2298 1268 2364 duobus

104 2395 186 2458 locis
206 2418 335 2459 manum
354 2400 597 2487 emendatricem
621 2399 803 2460 admovero.
846 2396 986 2460 Primum
1012 2398 1114 2460 dicam
1135 2399 1174 2462 dc
1197 2421 1269 2462 ver-

105 2495 173 2575 bis,
202 2481 283 2581 quae
301 2495 456 2560 habentur
479 2519 510 2581 p.
531 2503 602 2560 212.
620 2495 657 2561 E.
686 2492 749 2582 e’ytd
776 2492 928 2583 γάρτοι,
958 2492 1081 2584 φάναι,
1106 2499 1190 2579 χθὲς
1208 2501 1270 2582 μὲν

106 2590 167 2678 οὐχ
196 2587 269 2674 οἷός
296 2590 330 2661 τ’
346 2594 502 2685 ἐγενόμην
531 2590 735 2685 άφικίσόαι,
771 2596 827 2661 νῦν
849 2595 886 2662 dd
906 2591 974 2682 ἥκω
997 2591 1056 2663 iai
1075 2602 1117 2688 τῇ
1137 2601 1269 2690 κεφαλῇ

80 2695 188 2780 ΙΙἔχων
208 2695 268 2775 τάς
287 2696 431 2777 ταινίας,
459 2695 515 2765 ίνα
543 2691 614 2764 cirri
641 2700 700 2784 τῆς
723 2695 804 2783 ἐμῆς
823 2697 971 2786 κεφαλῆς
993 2696 1053 2787 τήν
1072 2702 1133 2766 τοῦ
1153 2722 1269 2790 σοφισ-

102 2799 205 2867 τάτου
226 2795 283 2864 καί
303 2795 480 2866 καλλίστου
500 2796 664 2889 κεφαλήν,
687 2796 758 2864 ε’άν
780 2792 884 2870 εἴπω
908 2793 1078 2880 οὑτωσί,
1102 2793 1269 2888 druidum.

104 2902 142 2967 In
163 2902 214 2966 his
242 2899 342 2965 verba
369 2896 427 2965 ἐὰν
457 2895 543 2966 ε’ίπιυ
577 2895 714 2978 οότιυσί,
763 2921 843 2984 quae
873 2902 951 2963 satis
981 2900 1115 2964 moleste
1144 2925 1268 2968 cursum

105 3005 256 3069 orationis
280 3005 349 3064 sine
374 2995 588 3066 ulla'salebra
606 3001 732 3064 fluentis
754 3003 998 3085 interrumpent,
1022 3005 1135 3066 merito
1151 3007 1269 3067 criticis

105 3117 251 3190 corrupta
271 3105 342 3166 visa
363 3115 445 3165 sunt.
492 3101 578 3167 Nam
607 3124 700 3190 quern
723 3100 759 3164 F.
779 3101 821 3164 A.
841 3099 983 3166 Wolfius
1008 3105 1114 3165 inesse
1138 3105 1270 3167 credidit

108 3225 253 3268 sensum:
277 3210 376 3268 atita
397 3205 505 3268 dicere
527 3206 641 3284 liceat,
663 3215 698 3266 ut
724 3215 846 3266 taceam
869 3201 932 3265 tale
959 3203 1075 3266 dictum
1096 3203 1269 3268 temulento

108 3303 265 3368 Alcibiadi
300 3309 428 3369 minime
458 3307 647 3385 convenire,
685 3307 716 3368 ei
745 3301 797 3367 vel
826 3302 977 3389 loquendi
1009 3307 1270 3370 consuetudinem

110 3404 267 3469 adversari
294 3409 358 3470 iam
385 3406 441 3471 alii
465 3419 662 3471 monuerunt.
707 3403 887 3468 Dicendum
913 3406 997 3469 enirn
1028 3421 1111 3468 erat:
1149 3399 1271 3471 οότιυσί

108 3498 214 3570 εἰπεῖν
234 3508 284 3571 vel
306 3499 415 3583 οὐδεὶς
440 3499 481 3573 dv
501 3503 553 3597 εἷἰγ
576 3506 707 3595 φθόνος
729 3504 844 3600 λέγειν.
891 3503 1002 3569 Astius
1027 3505 1165 3570 violenta
1185 3507 1270 3571 lacta

106 3605 348 3689 transpositione
364 3606 436 3672 loco
453 3610 574 3673 mederi
589 3610 719 3672 studuit.
758 3605 988 3670 Stallbaumius
1000 3610 1089 3672 uncis
1102 3607 1158 3670 illa
1173 3608 1271 3672 verba

106 3707 218 3793 sepsit.
260 3705 414 3774 Neutrum
437 3711 515 3775 milri
541 3709 703 3795 probatur.
746 3708 914 3773 Invenisse
931 3712 1016 3772 enim
1045 3708 1124 3772 milri
1149 3709 1270 3789 videor,

105 3809 190 3898 quod
211 3819 244 3872 et
269 3805 431 3876 lenissima
454 3816 628 3876 mutatione
657 3831 888 3896 consequamur
917 3823 949 3873 et
977 3811 1181 3873 festivitatem
1206 3810 1270 3875 loci

103 3911 238 3978 mirifice
253 3918 379 3993 augeat.
415 3912 644 3998 Corrigendum
660 3926 724 3977 est:
742 3910 802 3977 ε’άν
818 3901 945 3976 άνείπιυ
971 3906 1095 3975 οὑτωσί
1116 3911 1271 3993 (nrfoue

105 4014 199 4078 malis
221 4006 370 4079 άνειπών
391 4014 494 4080 deleto
514 4013 608 4098 ἐάν),
640 4007 813 4099 άναόιγσιο,
843 4015 888 4074 ita
917 4023 953 4073 ut
983 4010 1166 4074 Alcibiades
1197 4035 1271 4078 sese

107 4113 285 4200 Agathonis
309 4121 404 4199 caput
427 4129 662 4195 coronaturum,
691 4128 725 4178 ut
748 4114 884 4177 bominis
905 4115 1131 4196 sapientissimi
1151 4128 1183 4177 et
1203 4115 1272 4200 pul-

108 4215 466 4300 cherrirniOEuthydern.
480 4214 634 4300 pido-C.
651 4205 678 4281 d
690 4212 844 4281 κάλλιστε
859 4208 916 4278 καί
933 4210 1107 4302 σοφώτατε
1121 4213 1270 4292 Κλεινία,
1335 4259 1338 4266 ,

108 4315 160 4380 cll.
175 4316 271 4402 Hipp.
283 4321 357 4380 rnai.
367 4341 398 4402 p.
411 4323 483 4379 281.
498 4318 562 4402 A.)‚
582 4317 772 4404 publiceque
787 4317 820 4381 id
835 4318 925 4401 quasi
938 4318 1104 4398 praeconis
1121 4337 1199 4378 voce
1216 4317 1271 4376 de·

108 4417 297 4486 claratunun
313 4441 383 4486 esse
401 4418 508 4508 lepide
526 4417 722 4508 profiteatur.
763 4416 867 4500 Vide,
892 4419 922 4482 si
943 4418 1023 4481 tanti
1042 4425 1109 4495 est,
1131 4418 1169 4480 de
1186 4415 1271 4498 legg.

1013 4526 1066 4593 2*
