3044 4986
544 135 932 254 ffi-rn-

208 348 333 414 haberi:
363 348 540 414 Aeschines
567 353 651 415 euim
680 374 741 439 quo
769 351 841 418 loco
872 352 954 439 legis
978 354 1018 418 de
1049 349 1233 418 trierarchia
1256 373 1275 418 a
1302 352 1372 418 Des

208 450 373 516 mosthene
394 461 523 534 rogatae
538 454 729 518 mentionem
743 454 837 534 facit,
862 458 908 519 sic
925 455 1064 542 loquitur
1076 453 1150 539 (ΙΙΙ.
1163 459 1236 517 222.
1249 476 1280 540 p.
1295 460 1371 520 614.

208 552 281 635 R.):
302 549 344 616 τά
363 549 400 618 δὲ
422 547 501 638 περὶ
520 547 580 628 τάς
599 548 745 642 τριήρεις
760 553 818 620 καὶ
834 553 912 634 τούς
927 553 1144 644 τριηράρχους
1163 550 1372 644 ἆρπάγματα

206 647 258 730 τίς
287 644 329 718 dv
350 644 550 743 ἀποκρύψαι
568 650 687 740 χρόνος
708 649 837 719 δύναιτ’
853 647 911 734 dv,
943 652 1014 735 ὅτε,
1042 654 1272 742 νομοθετήσας
1291 656 1373 746 περὶ

188 755 274 819 τάν
296 749 495 842 τριακοσίων
514 755 597 819 νεῶν
616 749 674 846 καὶ
692 751 814 820 σαυτὸν
834 750 953 834 πείσας
966 749 1170 844 Ἀθηναίους
1189 751 1372 848 ἐπιστάτην

172 849 179 856 ’
207 850 307 933 τάξαι
326 857 385 920 τοῦ
406 856 574 932 ναυτικοῦ,
601 851 801 944 ἐξηλέγχθης
823 849 885 922 ὑπ’
902 856 985 941 ἐμοῦ
1006 851 1163 944 ἑξήκοντα
1187 853 1244 922 καί
1270 859 1372 924 πέντε

207 957 289 1022 νεῶν
307 956 574 1036 ταχυναυτουσῶν
592 952 811 1042 τριηράρχους
830 951 1059 1048 ὑφῃρημένος,
1089 957 1205 1024 πλεῖον
1223 959 1282 1045 τής
1301 956 1370 1024 πό-

207 1057 290 1135 λεως
310 1049 481 1144 ἀφανίζων
497 1053 653 1121 ναυτικὸν
670 1049 694 1142 ἢ
710 1051 766 1122 ὅτε
783 1052 960 1146 Ἀθηναῖοι
978 1057 1038 1146 τήν
1058 1053 1094 1126 ἓν
1115 1053 1218 1146 Νάξῳ
1240 1081 1369 1140 νανμα-
1455 1049 1457 1056 ’
1483 1117 1484 1132 ,

204 1154 281 1241 χίαν
306 1151 597 1240 Λακεδαιμονίους
626 1155 683 1222 καὶ
708 1155 838 1224 Πόλλιν
869 1155 1040 1249 ἐνίκησαν;
1083 1157 1147 1236 Qut
1172 1160 1264 1224 locus
1295 1182 1369 1224 cum
1483 1173 1484 1212 ῑ

208 1261 280 1328 aliis
301 1261 340 1322 de
362 1259 465 1320 causis
484 1269 550 1320 tum
574 1271 741 1343 propterea
763 1261 979 1327 memorabilis
1000 1266 1087 1326 visus
1108 1273 1175 1340 est,
1196 1262 1280 1346 quod
1303 1283 1369 1325 non
1483 1261 1484 1326 i

206 1362 336 1428 aliunde
362 1369 485 1423 constat
510 1360 606 1422 etiem
634 1357 884 1426 Demosthenem
912 1365 945 1428 in
977 1364 1153 1428 ordinanda
1185 1352 1370 1428 trierarchia
1483 1351 1484 1390 ⁷

206 1465 287 1531 illud
315 1473 495 1547 spectasse,
523 1471 574 1539 ut,
602 1460 703 1525 sicubi
733 1483 813 1548 opus
841 1476 943 1540 esset,
973 1477 1163 1529 trecenae
1190 1485 1288 1528 naves
1319 1466 1369 1527 in·
1483 1451 1484 1498 1

206 1578 343 1633 structae
360 1573 466 1626 essent
479 1572 511 1624 et
524 1573 653 1645 paratae
671 1561 825 1646 (Boecdlt.
842 1561 963 1629 Oecon.
975 1564 1041 1649 pol.
1053 1564 1129 1633 Ath.
1144 1563 1185 1630 Τ.
1198 1563 1238 1628 ΙΙ.
1250 1586 1282 1650 p.
1296 1569 1369 1644 115,

206 1665 304 1752 392).
347 1662 413 1726 Sed
439 1664 684 1749 quotiescunque
705 1663 788 1728 huuc
810 1663 916 1729 locum
939 1664 1079 1751 perlegi,
1108 1688 1234 1752 semper
1256 1669 1366 1730 nescio

207 1770 284 1857 quid
302 1763 423 1830 insoliti
439 1765 473 1826 iu
493 1784 533 1827 eo
556 1767 657 1829 visum
679 1778 728 1829 est
747 1768 869 1846 inesse,
891 1768 975 1853 quod
994 1765 1230 1832 Demosthenes
1249 1769 1367 1832 nonde

205 1865 385 1936 trierarchis
413 1863 652 1946 hierarchiam,
687 1868 746 1931 sed
774 1867 814 1931 do
842 1889 973 1932 numero
1005 1871 1148 1949 navium,
1177 1869 1232 1954 qui
1259 1880 1366 1932 tamen

204 1983 300 2036 antea
315 1965 513 2036 idertfuissc
526 1966 657 2048 dicium,
679 1967 718 2032 d'e
730 1971 877 2046 trecentis
901 1967 992 2032 illis
1014 1968 1148 2032 navibus
1171 1965 1269 2056 (περὶ
1288 1971 1369 2036 τῶν

205 2095 255 2160 τρ.
277 2069 372 2148 νεῶν)
393 2066 499 2151 legem
519 2066 630 2132 tulisse
646 2081 797 2132 narratur.
842 2069 978 2134 Codices
993 2083 1099 2133 autern
1112 2070 1292 2152 inspicienti
1309 2071 1367 2134 du-

205 2173 294 2238 bium
315 2191 379 2233 non
400 2171 460 2233 erit
479 2171 553 2253 quin
573 2168 762 2240 vocabulum
779 2173 876 2250 ναῦν,
907 2171 991 2258 quod
1005 2172 1038 2234 in
1056 2168 1196 2253 aglaa
1214 2173 1368 2238 omissum

206 2288 272 2349 est,
293 2272 394 2341 deleri
407 2282 560 2356 oporteat.
603 2267 686 2336 Nam
708 2273 747 2336 de
767 2277 903 2338 trecenis
920 2273 984 2336 illis
1006 2273 1108 2335 viris
1131 2272 1183 2356 qui
1196 2272 1277 2336 iuter
1293 2275 1368 2338 trie·

205 2375 335 2442 rarchos
353 2374 500 2437 ditissimi
516 2385 605 2436 erant
619 2395 797 2440 sennonem
811 2397 883 2440 esse
899 2388 1019 2440 certum
1035 2384 1093 2436 est.
1134 2370 1219 2436 Vide
1227 2371 1368 2440 Boecklt.

131 2540 136 2546 ,
206 2478 229 2541 Ι.
242 2477 265 2539 Ι.
280 2473 367 2539 Τ.ΙΙ.
379 2480 460 2560 pos
469 2496 516 2558 sq.
534 2480 593 2537 103
610 2497 677 2559 sqq.
696 2475 743 2538 K.
751 2474 808 2539 Fr.
817 2477 925 2541 Herm.
940 2476 1070 2560 Antiqq.
1086 2474 1140 2538 Gr.
1157 2473 1234 2558 poll.
1252 2479 1280 2554 ξ.
1295 2481 1367 2556 161,

209 2581 259 2641 17.
295 2575 365 2637 Etsi
378 2574 443 2636 alia
457 2574 613 2658 quaedam
624 2574 716 2637 huius
732 2581 860 2658 generis
874 2601 917 2642 ex
930 2573 1090 2640 Aeschine
1105 2575 1211 2640 afferri
1224 2589 1366 2660 possunt,

207 2692 313 2742 tamen
336 2695 437 2754 nunc,
458 2695 499 2738 ne
516 2673 682 2738 dissimilia
700 2678 782 2739 iuter
801 2698 836 2740 se
854 2691 886 2741 et
904 2678 1028 2741 diversa
1048 2678 1286 2754 commisceam,
1307 2695 1365 2737 eos

203 2777 295 2842 locos
316 2769 477 2855 tractabo,
504 2774 617 2860 quibus
635 2779 887 2860 praepositiones
912 2777 1067 2863 quaedam
1088 2791 1119 2841 et
1139 2775 1312 2862 particulae
1332 2777 1366 2840 in

203 2882 371 2966 pristinum
387 2889 503 2940 statum
516 2876 729 2940 restituendae
746 2899 817 2942 esse
834 2878 1006 2942 videantur.
1049 2877 1189 2942 Primum
1205 2881 1307 2942 dicam
1327 2877 1377 2942 de

205 2980 439 3068 praepositione
453 2973 527 3056 εἰς,
550 3001 630 3065 quae
645 2975 662 3044 ἐ
668 3002 685 3055 ς
702 2977 849 3042 scribitur
859 2977 915 3043 ΙΙΙ.
931 2985 981 3042 82.
996 3002 1028 3063 p.
1042 2985 1116 3042 474.
1138 2977 1195 3044 καὶ
1215 2977 1250 3056 ἐς
1267 2981 1366 3043 τοῦτο
1420 3037 1421 3042 ,

206 3081 320 3170 φέρων
336 3078 531 3168 περιέστησε
550 3076 592 3146 τά
612 3077 793 3168 πράγματα
813 3079 881 3145 κτλ.
923 3080 981 3142 Est
999 3078 1079 3142 haec
1091 3081 1246 3162 scriptura
1258 3089 1366 3160 aperte

205 3179 297 3246 falsa.
344 3179 428 3243 Nam
449 3201 552 3264 neque
573 3181 703 3246 concedi
730 3180 826 3245 debet
846 3179 1023 3244 oratoribus
1046 3189 1211 3263 utramque
1227 3178 1366 3242 ,fornum

201 3285 353 3346 usitatam
367 3280 477 3360 fuisse,
498 3302 568 3360 nec,
589 3285 617 3345 si
627 3284 868 3361 concederetur,
883 3280 1025 3366 proiecto
1036 3299 1101 3342 nou
1116 3283 1227 3342 nrirum
1241 3276 1323 3342 iuret
1333 3282 1367 3346 in

205 3380 340 3464 siugulis
355 3381 532 3445 oratoribus
546 3382 647 3447 semel
660 3385 728 3447 fere
745 3383 779 3462 ἐς
798 3384 948 3468 scriptum
963 3381 1108 3446 inveniri.
1130 3377 1215 3444 Vide
1228 3376 1366 3466 Stronge

205 3487 243 3547 in
253 3480 366 3544 Ιαίιιιίι·
374 3481 501 3548 Annall.
516 3482 640 3569 philoll.
658 3483 769 3570 Suppl.
785 3482 840 3547 111.
856 3505 887 3568 p.
902 3487 973 3547 591.
993 3481 1097 3566 Atque
1113 3503 1153 3545 ne
1166 3479 1226 3546 hoc
1241 3476 1371 3568 quidem

199 3595 399 3670 praetexere
417 3582 511 3664 licat,
541 3605 602 3669 quo
629 3584 761 3650 artificio
781 3584 962 3648 Elmsleium
983 3603 1076 3648 usum
1098 3603 1174 3650 essa
1194 3585 1303 3665 video,
1332 3597 1367 3648 ut

199 3688 345 3771 priscum
372 3681 407 3760 ἒς
433 3686 467 3747 in
496 3684 640 3749 fonnulis
668 3686 856 3771 quibusdam
882 3687 1008 3750 dicendi
1034 3676 1208 3750 obtinuisse
1230 3687 1390 3752 dicaturt.

101 3775 104 3782 ⁵
206 3809 281 3851 uam
309 3784 486 3848 Aeschines
516 3787 643 3871 quidem
671 3791 766 3853 etiarn
787 3787 843 3852 111.
864 3792 916 3851 94.
936 3809 968 3872 p.
988 3791 1062 3850 486.
1093 3779 1150 3864 εἷς
1178 3785 1241 3876 γάρ
1266 3787 1364 3851 τοῦτο

209 3883 367 3974 προήχθη
383 3919 420 3932 -
432 3881 560 3976 ὕβρεως
579 3885 637 3954 καὶ
656 3885 849 3967 πλεονεξίας
871 3886 949 3952 etll.
965 3893 1015 3952 77.
1025 3912 1056 3973 p.
1064 3893 1135 3952 255.
1156 3887 1366 3965 τελευτῶντες

200 3987 247 4054 -dd
267 3981 329 4064 εἰς
346 3988 445 4051 τοῦτο
463 3985 522 4074 τήν
543 3985 644 4055 πάλιν
664 3987 855 4078 προήγαγον
869 3990 921 4074 (cf.
929 3989 984 4056 ΙΙΙ.
994 3993 1066 4054 216.
1076 4015 1106 4076 p.
1115 3991 1200 4072 646.)
1220 3983 1281 4064 εἰς,
1303 4010 1365 4053 non
1483 4007 1484 4016 ¹

198 4086 244 4166 ,ἐς
255 4089 371 4173 posuit.
414 4085 535 4162 Quare
548 4089 609 4154 hoc
624 4090 696 4156 loco
713 4090 836 4158 dachus
851 4091 1012 4175 codicibus
1032 4093 1129 4178 (ce),
1155 4090 1208 4174 qui
1227 4087 1367 4174 alioquin
1441 4147 1447 4156 .

198 4188 365 4281 obsequio
380 4201 488 4252 nostro
501 4192 711 4276 indignissimi
725 4207 814 4272 sunt,
842 4189 890 4270 είς
903 4192 1129 4278 praebentibus
1147 4187 1366 4275 obtemperan-

200 4293 286 4356 dum
310 4301 377 4371 est,
403 4289 499 4376 plane
521 4305 557 4358 ut
575 4292 617 4362 ΙΙ.
637 4299 685 4360 18.
703 4318 734 4382 p.
752 4300 823 4361 202.
847 4297 961 4361 iterum
984 4317 1028 4380 ex
1049 4289 1258 4360 deterioribus
1278 4290 1367 4358 libris
