3044 4986
500 177 872 266 '-31'-

148 362 266 430 Nunc
257 386 290 428 m
306 361 492 442 hieremie,
515 385 595 451 quae
611 365 755 430 edilium
770 364 876 430 iocum
892 365 1103 434 Timarcheue
1117 386 1309 457 comparant,

150 449 230 530 nihil
248 465 418 551 quidquam
434 462 553 527 insoliti
568 477 632 528 est.
651 465 707 530 Cf
716 465 771 531 111.
786 473 836 530 st.
858 463 1068 555 σοιέβιιδ”
1051 493 1086 538 ει
1107 475 1177 550 τοῖς
1197 466 1310 552 αὐτοῖς

144 567 278 656 χρόνοις
306 560 555 689 διαφέρεσθαί
560 589 594 632 σι
618 555 841 686 Δημοσθένην
867 566 923 633 καλ
946 569 1166 692 Φιλοκράτην
1193 570 1310 654 exedris

147 661 255 754 ὑπὲρ
289 665 443 732 τούτων
474 659 580 754 ὑπὲρ
617 654 695 734 ὧν
707 665 765 733 καὶ
790 665 884 752 ὑμεῖς
914 661 1034 748 αὐτοὺς
1068 666 1309 742 ὑπωπτεύσατε

147 767 368 852 διενεχθῆναι.
408 763 543 851 Reliqua
564 788 640 832 vcro
666 772 695 832 si
714 770 980 848 consideraveriS,
1010 770 1128 836 humile
1149 759 1308 858 quoddam

147 881 180 932 et
203 880 296 931 tenue
314 888 414 950 genus
436 867 561 933 dicendi
584 870 798 950 demirabere,
828 871 912 956 quod
934 873 979 934 sic
992 873 1059 936 fere
1075 876 1191 938 imitari
1210 874 1306 941 libet:
1329 904 1333 909 ’

146 969 213 1034 aad
227 989 260 1032 es
272 973 322 1032 tei
335 976 428 1032 auter
441 958 607 1034 demeum
620 970 853 1056 Bedt'agungen
878 980 972 1034 auter
991 971 1128 1037 ιιοΙιΙιτιι
1143 977 1257 1058 (dms)
1271 1001 1309 1043 cr

145 1063 288 1138 bitetten
300 1067 558 1154 tenatragttate
576 1083 671 1138 anter
681 1073 819 1138 κοιλιλιιι
833 1072 887 1146 ιλιι
908 1071 988 1136 auch
1005 1073 1201 1140 Philodratea
1214 1076 1308 1142 deaa-

146 1181 238 1255 trugt
255 1170 352 1235 tutte.
394 1171 494 1236 Porro
517 1173 578 1237 huc
600 1197 663 1239 non
683 1179 819 1260 pertinet
838 1175 968 1238 Aristot.
988 1173 1097 1260 Magn.
1108 1175 1191 1241 Mor.
1204 1176 1246 1242 11.
1255 1186 1307 1302 12,

147 1296 256 1394 quern
259 1271 365 1336 locum
385 1272 543 1338 Redderes
565 1274 667 1339 Oratt.
685 1290 739 1340 att.
763 1274 803 1338 Τ.
823 1273 866 1338 V.
886 1298 917 1359 p.
933 1281 1004 1338 696.
1022 1277 1142 1343 attulit.
1177 1302 1264 1369 προς
1287 1305 1305 1346 ο

145 1369 187 1441 δν
215 1367 311 1440 αὐτοὶ
333 1370 517 1462 πο,ιίισωοι,
555 1374 642 1465 πρὸς
669 1376 767 1444 ’τοῦτό
796 1399 869 1454 πως
896 1375 953 1441 καὶ
979 1367 1090 1445 eu'voot'
1117 1374 1199 1460 οἷσι,
1233 1385 1319 1468 quie·

146 1479 312 1564 enunciato
328 1479 414 1540 eoin
430 1499 491 1563 quo
506 1483 649 1543 attractio
672 1493 721 1544 est
736 1479 912 1564 praemisso
938 1479 1217 1547 demonstrativum
1235 1506 1307 1568 gra-

145 1581 251 1643 vitatis
273 1590 327 1640 aut
348 1581 582 1663 perspicuitatis
610 1604 723 1645 caussa
748 1581 850 1664 repeti
873 1580 1110 1645 usitatissimum
1133 1596 1191 1647 est.
1235 1583 1307 1660 Qua

145 1704 182 1745 re
200 1693 303 1766 neque
316 1677 372 1742 ille
386 1678 569 1746 Aristotelis
589 1682 679 1747 docus
697 1704 800 1768 neque
815 1682 868 1766 qui
885 1703 929 1744 ex
944 1680 1109 1774 Herodoto
1131 1697 1163 1747 et
1183 1684 1307 1750 Aristo·

145 1781 209 1846 tele
233 1782 317 1866 apud
334 1779 512 1856 Berttdurd.
534 1807 565 1868 p.
588 1791 659 1848 203.
682 1796 736 1848 aut
756 1805 801 1846 ex
822 1780 1009 1864 Thucydide
1031 1805 1068 1848 ac
1089 1782 1307 1852 Demosthene

122 1941 123 1948 ,
146 1885 230 1969 apud
241 1882 387 1958 Kttdncr.
402 1887 430 1962 §.
447 1888 517 1947 787.
531 1899 595 1949 not.
611 1891 639 1949 1.
663 1885 749 1949 allati
764 1896 853 1964 sunt,
865 1886 977 1968 *magis
995 1884 1057 1949 huc
1075 1887 1193 1950 faciunt
1212 1911 1307 1973 quam

146 1986 241 2052 Deru.
254 1983 337 2048 Phil.
351 1981 408 2047 Ill.
424 1989 474 2048 19.
509 1979 586 2051 ἀλλ’
604 1978 671 2074 oirp'
691 1973 731 2074 ἧς
758 1979 885 2073 ἡμέρας
911 1976 1019 2050 duride
1050 1984 1205 2066 Φωκέας,
1235 1982 1306 2056 ded

144 2080 264 2173 ταύτης
284 2076 382 2170 ἔγωγ’
397 2077 498 2156 αὐτὸν
511 2086 677 2167 πολεμεῖν
698 2081 853 2174 ὁρίζομαι
870 2084 1027 2170 (Kttdner.
1042 2090 1071 2164 ξ.
1087 2092 1157 2151 787.
1171 2102 1235 2153 not.
1251 2091 1306 2174 3.).

111 2218 113 2229 =
144 2187 196 2252 De
210 2186 348 2270 Lycurgi
361 2193 510 2267 eritern§.
527 2194 597 2252 129.
619 2186 720 2270 νόμον
739 2183 802 2274 γὰρ
825 2180 942 2251 ἔθεντο
963 2184 1042 2275 περὶ
1061 2183 1217 2255 ἁπάντων
1240 2194 1306 2257 τῶν

144 2313 190 2374 ιιη
179 2281 418 2352 θελόντων
398 2285 485 2374 νπὲρ
500 2310 559 2372 τιις
573 2284 737 2374 πατρίδος
751 2282 948 2352 κινδυνεύειν
968 2289 1151 2378 διαρρήδην
1168 2287 1312 2374 λέγοντα-

145 2375 389 2470 αποθνήσκιιν,
426 2380 489 2462 εἰς
518 2409 559 2449 αι
562 2409 599 2449 το
627 2387 725 2448 τοῦτο
753 2381 813 2470 τὴν
839 2407 914 2462 τιιι
871 2383 1002 2472 ιιωρίοιν
1027 2383 1241 2466 τάξαντες’
1207 2411 1265 2466 εις
1284 2379 1305 2455 δ

61 2518 64 2525 ·
143 2485 289 2572 μάλιστα
318 2480 441 2572 φοβούι
442 2507 524 2549 ιενοι
546 2482 755 2569 τυγχάνουσι,
787 2482 831 2547 Η.
850 2481 1022 2569 Saupptum
1045 2488 1305 2554 animadvertisse

145 2590 239 2654 audio
262 2584 425 2668 (Maetzn.
439 2586 479 2648 ad
494 2584 525 2647 h.
538 2584 592 2668 1.),
622 2580 856 2674 φοβεῖσθαι
826 2581 877 2662 είς
897 2610 931 2652 τι
951 2589 1014 2651 dici
1025 2588 1164 2653 solitum.
1205 2588 1303 2657 Recte

142 2691 176 2756 id
196 2690 339 2776 quidem,
368 2707 471 2771 neque
493 2686 670 2750 dubitarem
694 2686 775 2752 hanc
793 2691 949 2752 rationem
973 2690 1138 2775 aruplecti,
1165 2695 1227 2756 nisi
1247 2693 1304 2758 ille

144 2813 219 2856 usus
240 2801 405 2874 poetarum
425 2810 496 2852 esse
517 2791 684 2852 videretur.
736 2787 802 2854 Sed
823 2793 897 2876 quid
919 2803 968 2853 est
988 2791 1072 2871 quod
1091 2797 1306 2876 grernmaticis

144 2870 297 2958 reluctant
327 2889 449 2952 adeone
471 2912 548 2954 vero
565 2893 696 2954 insanus
712 2907 783 2954 sum
801 2904 856 2973 ut,
880 2893 964 2978 quod
982 2894 1015 2956 in
1035 2905 1205 2980 conspectu
1220 2898 1306 2979 posi-

143 3010 210 3059 turn
233 2989 334 3056 oculis
358 2992 506 3074 cognosci
528 2990 713 3054 manibusve
741 2991 935 3076 deprehendi
954 3005 1076 3078 potest,
1108 2995 1142 3058 id
1162 3008 1216 3058 eut
1235 2999 1305 3080 ipse

143 3118 207 3160 non
229 3113 356 3158 cernam
375 3104 429 3154 aut
449 3083 769 3178 obstinata-quadam
787 3097 902 3156 mentis
928 3093 1090 3156 voluntate
1111 3096 1305 3180 pernegemd

142 3197 267 3281 Nempe
289 3197 474 3278 persuasum
498 3194 577 3258 mihi
598 3210 645 3258 est
667 3193 807 3258 Graecos
834 3215 1005 3279 numquam
1031 3208 1095 3258 tem
1119 3199 1305 3261 temerarios

143 3298 259 3375 fuisse,
287 3307 322 3357 ut
348 3298 616 3380 praepositionem
645 3319 725 3382 quae
748 3317 878 3379 prorsus
897 3294 976 3358 nihil
998 3291 1190 3381 significaret
1208 3299 1305 3361 animi

145 3418 256 3460 caussa
270 3408 466 3481 usurparent.
511 3396 583 3470 Qua
600 3421 635 3462 re
654 3399 738 3484 quod
754 3418 808 3460 ex
815 3394 964 3460 isocratis
981 3397 1175 3482 Panegyrico
1191 3403 1220 3477 §
1232 3405 1401 3466 140..

144 3497 294 3576 efferunt,
325 3489 414 3562 αλλολ
441 3495 504 3586 γὰρ
526 3479 586 3564 dria
607 3498 650 3566 ἐκ
672 3492 823 3564 τούτων
844 3492 1013 3562 δίκαιον
996 3520 1067 3564 εστι
1087 3503 1225 3566 σκοπεῖν
1243 3523 1305 3586 ιιιν

143 3585 311 3683 βασιλέως
328 3593 481 3682 δύναμιν,
504 3587 620 3678 εξων
641 3589 728 3682 μεθ’
744 3591 909 3686 ἑκατέρων
928 3595 1071 3684 γέγονεν,
1095 3593 1173 3666 ἄλλ
1189 3588 1304 3678 εξῶν

143 3690 244 3773 αὐτὸς
258 3691 354 3786 ὑπὲρ
384 3693 487 3766 αὑτοῦ
514 3700 657 3784 πεπολὲι
644 3723 761 3788 ιιιικεν,
799 3699 880 3763 id
855 3720 901 3763 src
925 3699 1069 3786 explico,
1099 3715 1134 3764 ut
1147 3698 1304 3766 verbosae

141 3793 267 3865 τούτων
289 3799 330 3860 ad
353 3822 391 3863 ea
411 3823 491 3886 quae
508 3816 601 3866 antea
624 3804 708 3866 dicta
733 3814 805 3863 sunt
827 3813 987 3885 spectare,
1021 3825 1103 3888 quae
1126 3815 1231 3865 autem
1252 3823 1303 3866 sc·

144 3911 279 3985 quuntur
298 3895 538 3988 ἕπεξιιιιιτικιῦς
566 3893 690 3966 adiecta
713 3923 783 3964 esse
803 3916 929 3987 putem:
967 3902 1045 3968 ader
1070 3903 1160 3968 nicht
1176 3903 1303 3968 lateam

143 4005 220 4083 (aar
236 4002 372 4080 diesem)
391 4021 469 4064 ωιιιι
484 4025 556 4068 κιαιι
568 4005 622 4068 die
633 4002 751 4067 Mccdt
762 4004 818 4067 det
834 4003 961 4088 Kdra'gr
973 4005 1138 4084 ιολὶιίιιικ,
1162 4026 1219 4069 σαι
1233 4005 1302 4069 dem

42 4189 47 4199 .
141 4123 206 4165 παι
219 4124 255 4166 er
267 4120 413 4186 gemerem
428 4106 485 4180 tet,
504 4105 640 4194 ιοιιδινιι
658 4104 794 4168 eusdem
809 4117 881 4168 cett.
922 4103 1079 4170 Nimirum
1093 4108 1206 4171 eadem
1221 4106 1301 4170 haee

142 4205 287 4288 repetitio
305 4202 541 4268 demonstrativi
555 4218 621 4284 est,
644 4227 737 4292 quam
751 4209 925 4291 praemissa
937 4209 1156 4272 enunciatione
1168 4207 1302 4271 relativa
1409 4201 1410 4204 ¹
1463 4190 1472 4206 ’

142 4311 201 4368 usu
225 4307 331 4372 venire
355 4306 509 4386 virdunus,
530 4307 667 4388 itemque
684 4308 713 4371 si
734 4309 836 4373 ruiuus
853 4310 1100 4395 perspicuitatis,
1121 4323 1227 4374 tumen
1246 4329 1300 4372 ae·
