3026 4992
636 205 838 290 ...126
893 249 953 270 ....

210 383 435 480 morinorum
464 393 502 454 et
528 385 559 452 si
587 385 643 474 qui
676 385 743 452 sict
774 375 1113 474 eicnoiprer‘petant
1143 373 1376 446 hereditatem.

162 567 164 572 ,
211 491 353 578 alioquin
374 511 427 554 res
447 489 595 553 diuturna
613 485 653 552 fit
673 495 708 552 et
727 479 747 553 ὅ
764 485 886 575 κλῆρος
905 482 1002 548 facile
1018 478 1143 574 ἕρημος
1159 481 1232 546 fieri
1245 489 1374 570 potest,

209 596 257 658 ita
283 601 320 658 nt
335 593 456 656 iudices
475 593 538 676 ipsi
560 590 722 666 nesciant,
745 589 870 652 cuinam
895 586 1025 651 tandem
1044 583 1186 648 tribuant
1205 582 1377 647 heredita-

210 698 311 760 tem.“
357 693 403 756 At
426 690 581 776 pervelim
612 691 774 754 docuisset
801 689 940 767 amicus,
974 689 1126 771 primum:
1162 707 1243 771 quae
1271 685 1377 749 fuerit

209 797 274 860 ista
292 795 457 879 praeconis
477 795 680 878 provocatio,
701 812 780 876 qua,
797 790 826 854 si
843 787 904 854 filii
923 789 1066 868 adoptivi
1083 786 1137 850 vel
1155 790 1285 871 cognati
1298 789 1375 852 eins

211 899 266 982 qui
284 896 466 959 decesserat
488 893 699 960 hereditatem
720 913 785 956 non
806 873 1104 973 petebant‚nimius
1124 890 1375 973 competitorum

211 1015 383 1066 concursus
399 997 542 1081 potnerit
564 996 717 1070 excitari3
743 1000 827 1058 turn:
855 990 1014 1077 quomodo
1041 991 1188 1054 instituta
1211 993 1375 1075 petitione

210 1099 274 1164 ista
304 1116 475 1160 concursus
504 1095 561 1160 ille
583 1095 726 1180 potuerit
750 1094 914 1170 imminui3
945 1092 1077 1157 deinde:
1107 1111 1275 1175 quemnam
1297 1093 1373 1172 ipse

209 1199 330 1281 putarit
349 1194 472 1282 κλῆρον
492 1197 557 1260 dici
576 1189 713 1284 r'r'prprom
743 1194 896 1282 deniquer
919 1196 1046 1282 quinam
1067 1199 1104 1256 et
1130 1193 1214 1256 unde
1236 1194 1300 1255 sint
1319 1194 1373 1255 iu·

211 1301 299 1363 dices
318 1296 383 1378 illi,
406 1297 459 1383 qui
480 1296 539 1363 tali
563 1300 597 1361 in
623 1318 737 1362 caussa
756 1299 902 1361 nesciant
928 1297 1053 1359 cuinam
1070 1291 1199 1356 tandem
1226 1290 1372 1356 tribuant

210 1399 433 1478 hereditatem.
478 1397 606 1463 Etenim
632 1405 710 1481 post
736 1391 952 1466 ἐπιδικασίαν
979 1396 1158 1460 institutam
1186 1393 1312 1457 demum
1335 1400 1373 1457 et

210 1503 282 1584 ipsa
305 1497 400 1586 λῆξις
429 1501 581 1579 exposita
605 1507 657 1564 est
680 1501 716 1564 in
742 1495 853 1563 tabula
873 1506 970 1584 atque
1002 1498 1036 1561 in
1064 1497 1215 1581 proxima
1243 1515 1371 1581 quaque

210 1600 322 1685 populi
355 1601 509 1664 concione
537 1601 690 1679 recitata,
722 1605 799 1685 post
823 1593 1037 1666 ἐπιδικασίαν
1063 1599 1243 1661 institutam
1269 1598 1370 1660 certis

213 1701 324 1768 diebus
344 1697 609 1784 pronuntiabatur
624 1723 682 1786 per
699 1721 892 1782 praeconem
913 1698 1050 1763 formula
1067 1701 1149 1778 ista,
1169 1717 1262 1783 quam
1275 1719 1370 1778 prae·

213 1807 302 1870 conis
336 1805 596 1886 provocationem
624 1805 673 1866 vir
702 1803 905 1866 doctissimus
938 1801 1065 1864 videtur
1089 1797 1310 1865 intellexisse:
1337 1791 1377 1864 εἴ

211 1929 263 1983 τις
283 1897 503 1993 ἀμφισβητεῖν
522 1895 545 1990 ἢ
566 1902 883 1990 παρακαταβάλλειν
901 1901 1060 1986 βούλεται
1079 1901 1143 1967 ποῦ’
1165 1895 1289 1986 κλήρου
1308 1899 1370 1965 τοῦ

172 2001 174 2006 ’
213 2007 320 2082 δεῖνος
339 1997 363 2090 ἢ
381 2001 466 2068 κατά
492 2003 587 2090 γένος
605 1996 629 2091 ἢ
648 2001 733 2068 κατά
763 1997 947 2090 διαθήκαςς
974 2003 1015 2066 cf.
1037 1999 1142 2066 Melet
1163 2008 1197 2064 et
1218 2000 1368 2070 Schoem.

214 2108 254 2172 dc
274 2106 324 2170 lit
348 2105 417 2170 Att.
437 2127 469 2189 p.
486 2109 559 2168 463.
602 2103 640 2169 Si
666 2107 736 2189 quis
753 2105 869 2189 igitur,
892 2107 984 2167 cnirrs
1009 2110 1079 2166 erat
1102 2098 1370 2183 ἐπιδικάζεσθαι,

212 2209 247 2272 id
267 2204 467 2291 negligebat,
489 2225 594 2290 neque
613 2203 702 2268 alius
714 2208 879 2290 quisquam
899 2205 1033 2270 eandem
1054 2201 1187 2288 petebat
1210 2189 1371 2267 heredita-

212 2317 296 2383 te'm3
327 2308 411 2392 quod
429 2329 544 2370 vereor
564 2327 641 2370 sane
667 2327 708 2370 ne
726 2327 887 2394 nunqnam
909 2306 977 2370 lere
1004 2305 1169 2380 acciderit3
1196 2325 1259 2388 qua
1284 2307 1369 2370 enim

213 2408 311 2474 hodie
330 2409 467 2492 flagrant
489 2406 634 2472 homines
665 2406 804 2472 habendi
830 2408 1023 2490 cupiditate,
1050 2407 1162 2470 eadem
1189 2405 1262 2467 istis
1288 2413 1370 2470 tem-

212 2510 344 2596 pcribus
364 2510 508 2572 videmus
532 2511 680 2572 incensos
697 2510 816 2584 fuisse3
837 2545 881 2562 --
907 2509 995 2573 nulla
1022 2516 1091 2572 erat
1109 2509 1276 2590 praeconis
1295 2529 1371 2592 pro-⁶

102 2689 105 2700 ‚
212 2612 352 2676 vocatio.
393 2607 493 2671 Porro
514 2628 590 2670 vero
612 2611 683 2689 ipsa
702 2610 750 2671 rei
768 2616 881 2673 natura
901 2607 1043 2689 ferebat,
1062 2616 1098 2672 ut
1125 2611 1270 2672 instituta
1286 2612 1370 2690 peti·

212 2714 313 2790 tione,
335 2731 429 2795 quam
448 2707 640 2794 sequebatur
658 2706 762 2774 libelli
783 2711 876 2774 istius
896 2712 1044 2775 recitatio
1065 2732 1171 2773 coram
1191 2709 1306 2795 populo
1333 2717 1367 2772 ct

99 2867 101 2870 .
211 2812 379 2896 praeconis
398 2812 602 2893 provocatio,
623 2809 730 2892 plures
750 2833 819 2874 rem
845 2819 1076 2898 cognoscerent
1096 2833 1190 2896 qnam
1213 2807 1366 2895 neglecta.

213 2911 287 2988 Quo
311 2917 416 2974 autem
438 2910 547 2994 plures
570 2911 864 2978 animadvertebant
892 2937 964 2978 esse
993 2915 1078 3001 quod
1105 2912 1211 2998 aliquo
1241 2915 1368 2976 nomine

211 3019 375 3098 peterent,
409 3033 448 3075 eo
479 3010 587 3096 plures
624 3011 709 3077 haud
739 3012 834 3079 dubie
873 3017 914 3080 ad
947 3016 1120 3100 petendum
1156 3013 1367 3078 confluebant.

213 3112 320 3190 Quare
346 3115 407 3178 etsi
435 3112 588 3205 heredes,
615 3137 686 3179 cum
708 3119 913 3180 instituerent
938 3119 1034 3181 istam
1062 3119 1240 3196 actionem,
1265 3119 1369 3180 nenti-

211 3237 303 3303 quam
329 3216 364 3278 id
385 3216 531 3280 lecerunt
550 3237 590 3278 eo
618 3215 770 3296 consilio,
797 3223 833 3280 nt
862 3219 1013 3282 adversus
1038 3217 1146 3303 plures
1174 3219 1254 3302 ipsis
1282 3225 1369 3281 esset

211 3315 439 3396 dimicandum,
469 3323 575 3378 tamen
597 3321 720 3379 tanturn
742 3315 836 3380 abest
863 3326 899 3382 ut
919 3319 1103 3384 imminutus
1132 3319 1289 3390 rideatur¹
1305 3321 1368 3383 ista

211 3421 337 3488 wdone
367 3419 612 3501 competitorum
634 3437 822 3500 concursus,
850 3427 887 3484 ut
915 3442 988 3486 enm
1017 3421 1126 3504 augeri
1153 3425 1277 3482 tantum
1306 3440 1368 3484 non

210 3519 308 3581 luerit
328 3537 470 3579 necesse.
512 3515 638 3582 Deinde
666 3519 788 3609 κλῆρος
814 3514 937 3610 ἔρημος
965 3543 1037 3585 mea
1064 3520 1191 3605 quidem
1220 3524 1368 3606 opinione

211 3639 276 3682 non
296 3623 405 3702 potest
426 3616 489 3680 dici
509 3620 569 3681 nisi
592 3623 620 3682 is
642 3643 736 3710 quem
757 3643 850 3686 nemo
870 3624 1024 3707 possidet,
1054 3641 1117 3706 quo
1137 3641 1231 3685 nemo
1260 3626 1367 3686 utitur.

212 3717 314 3804 Atqui
332 3717 477 3800 possidet
498 3725 532 3781 et
552 3725 652 3784 utitur
672 3721 854 3789 non-solum
870 3726 903 3787 is
924 3721 1185 3787 cnihereditatis
1204 3726 1385 3810 possessio

212 3820 350 3884 iudicum
371 3822 529 3883 sententia
551 3829 601 3886 est
621 3820 823 3903 cocfinnata,
843 3827 896 3910 qni
920 3825 1093 3888 dominium
1114 3822 1229 3905 habet,
1254 3823 1309 3887 sed
1337 3823 1364 3883 is

214 3937 338 4007 quoque
360 3921 414 4004 qui
434 3918 486 3984 vel
508 3930 618 3987 contra
645 3927 694 3988 ius
715 3926 825 4012 fasque
847 3926 979 4009 arripuit
998 3922 1052 3987 vel
1079 3928 1179 3990 utitur
1199 3929 1267 3988 sine
1287 3921 1368 3986 iudi·

214 4024 255 4086 cii
276 4018 525 4111 confirmatione,
548 4026 631 4110 quod
654 4047 764 4110 genus,
785 4029 818 4089 ni
839 4025 944 4105 fallor,
967 4025 1184 4092 detentionem
1204 4021 1366 4108 appellant

194 4115 429 4216 'iuris-perita
456 4120 552 4195 Quod
579 4129 641 4190 nisi
669 4129 715 4191 ita
744 4127 894 4207 haberet,
923 4123 983 4190 filii
1010 4131 1093 4193 iusto
1116 4123 1272 4190 connubio
1295 4147 1365 4212 pro-

214 4227 322 4326 creati,
344 4225 397 4310 qui
417 4245 480 4286 non
501 4225 672 4292 utebantur
692 4224 905 4306 ἕπιδικασίας
924 4233 1060 4310 actione,
1080 4246 1236 4309 nunquam
1258 4249 1366 4312 posse·
1387 4307 1394 4322 ³

206 4328 337 4432 ‘dissent
365 4322 455 4390 bana.
472 4333 624 4412 paterna.
674 4327 790 4405 Quare.
809 4329 970 4412 siheres,
998 4349 1093 4418 quem
1112 4323 1367 4410 ἐπιδικάζεσθαι
