3030 5002
187 251 224 298 ν
557 223 880 311 ...245...

131 401 420 478 fflafltneoii
434 403 551 469 facturn
568 414 776 494 perruperat,
797 405 860 473 'vid
874 431 905 473 v.
920 411 1063 496 msqq.
1092 409 1200 473 lltiarn
1213 407 1297 536 istro

132 529 163 575 ι.
172 514 252 574 449.
273 505 494 576 contendum.
637 517 641 528 '

749 617 794 703 lq'i
806 613 1088 704 ιιέσιινοςβασιλέμ
1216 647 1219 652 ·
1273 645 1276 650 ·

315 711 472 848 κάρτεΐ
485 739 521 784 τι
529 724 675 808 σφιτέριμ
691 723 747 790 acl
761 722 934 816 θαρσαλέη
949 711 1088 804 νεότητι.
1292 717 1296 733 ’

132 827 185 894 Cf.
198 847 232 894 v.
248 833 321 892 184.
340 823 459 915 κάρτέι
477 824 596 914 πάγχυ
605 831 794 910 πεποιθώς.
837 831 1006 896 Postremo
1025 829 1124 896 ctidrn
1140 827 1216 894 Xll.
1230 833 1293 893 271

132 949 201 1016 sqq.
219 933 253 994 io
273 927 421 993 Nestoris
442 931 605 1010 oratione,
636 945 698 1017 qua
717 945 871 1018 paratum
886 956 922 998 se
949 933 1093 998 ostendit
1120 949 1236 1018 equum
1256 929 1298 992 li·-¹

130 1051 248 1140 gneum
263 1032 410 1149 ingredi,
431 1029 646 1097 scribendum:

263 1133 917 1258 ν’ὖνδέμιγῆραςέιιιισιπολάσιονον·
931 1135 1050 1212 άλλΗ
1024 1131 1219 1230 αρακαλάιι
1339 1183 1345 1194 x

280 1231 406 1323 siccior
422 1235 540 1328 ἡβάων
565 1239 799 1332 καταβήσομαι
823 1242 993 1315 ἐνδοθιν”
978 1269 1079 1314 ιπποιι
1158 1257 1160 1262 ’

288 1347 500 1436 θαρσαλέως·
520 1338 743 1438 κάρτοςδὲ·
758 1345 839 1430 θεὸς
853 1353 909 1420 καλ
924 1342 1187 1429 κῦδοςάπάσσιι.
1293 1371 1298 1386 ’

132 1453 268 1522 Animus
286 1459 369 1522 enirn
386 1463 419 1522 et
437 1459 570 1522 audacia
590 1479 654 1523 non
669 1461 761 1528 deest
776 1459 925 1540 Nestori,
946 1481 1056 1537 verurn
1073 1457 1188 1537 robur,
1199 1451 1296 1540 'quod

30 1587 36 1597 ·
132 1563 170 1623 ut
190 1560 360 1650 pristinum
380 1557 532 1622 mernbris
553 1561 675 1625 inesset
693 1570 860 1648 optaverat
882 1583 977 1649 supra
997 1585 1027 1627 ι
1049 1565 1120 1624 266.
1190 1557 1194 1573 ”’

196 1659 200 1668 ’
257 1654 303 1737 dg
322 1651 448 1750 ὄφελον
467 1658 554 1744 μέγα
573 1657 697 1749 κάρτος
719 1661 812 1747 ἐμοῖς
834 1660 895 1730 lvi
916 1657 1053 1750 γούνασι
1071 1664 1170 1726 κεῖτο.

130 1757 241 1825 Robur
253 1759 352 1846 lgitur
365 1762 536 1845 pugnando
550 1761 701 1825 idoneum
723 1771 833 1858 atque
840 1764 975 1849 gloriam
996 1763 1153 1848 vincendo
1169 1765 1299 1862 portant

128 1867 168 1926 ut
188 1863 219 1926 ci
236 1859 318 1926 deus
341 1862 472 1926 daturus
493 1866 536 1927 sit
566 1865 636 1928 loro
656 1873 775 1950 sperat
790 1859 964 1930 bellicosus
984 1886 1099 1929 senex.

212 1978 256 2046 V.
277 1979 341 2045 287
363 2001 411 2066 sq.
434 1980 474 2043 da
494 1977 695 2047 Minervam
715 2005 855 2069 pugnarn
875 1994 987 2050 ruente
1017 1983 1097 2048 lraeo
1126 1979 1292 2068 leguntur:
1325 2081 1328 2092 ¹

336 2087 491 2210 ἐκπέρσαι
509 2103 654 2179 μιμανῑα
669 2088 792 2178 storria
807 2091 976 2184 Πριάμοιο
996 2090 1119 2192 πόληα,

338 2182 421 2282 ἤρα
434 2199 518 2280 μέγα
533 2191 715 2283 στενάχιζεν
729 2187 827 2272 'Alei
809 2195 959 2288 ξάνδροισ
975 2187 1146 2283 δαμέντος.

129 2299 280 2365 Proiecto
297 2305 412 2366 rnirunr
430 2311 499 2384 ost,
521 2306 606 2388 quod
625 2305 656 2370 h.
673 2305 695 2370 l.
703 2307 788 2387 ,ubi
803 2330 893 2374 mens
905 2307 1069 2372 Minervae
1092 2299 1293 2376 describitur,

133 2423 197 2487 que
211 2401 269 2466 illa
283 2403 463 2467 vehement
440 2410 572 2468 trssume
586 2408 742 2502 cupiverit
728 2406 886 2490 tTroiarn
901 2417 1061 2504 evertere,
1083 2407 1123 2470 de
1137 2403 1197 2468 lrao
1214 2399 1295 2464 urbe

130 2504 163 2568 id
180 2503 338 2585 adiicitur,
353 2525 546 2590 niagnopere
561 2527 632 2569 earn
644 2500 684 2570 ob
701 2511 839 2573 occisunr
852 2509 1000 2574 Paridem
1013 2508 1185 2593 gemuisse.
1206 2499 1294 2566 Nolo

130 2603 194 2670 lroc
214 2627 392 2692 premere,
397 2606 483 2692 quod
504 2603 561 2670 ubi
580 2606 620 2670 de
639 2607 779 2694 lugendo
796 2633 901 2676 sermo
918 2615 985 2690 est,
1008 2607 1132 2672 incolae
1156 2610 1293 2696 tanturn,

131 2704 186 2771 ubi
203 2708 243 2772 de
259 2707 433 2773 evertenda
449 2706 547 2788 urhe,
570 2717 715 2776 nontam
729 2711 872 2794 incolae,
896 2732 990 2797 quarn
1003 2705 1104 2792 rnuri,
1124 2715 1228 2772 turres
1245 2711 1294 2768 at·

131 2815 193 2893 que
213 2807 310 2872 aedes
330 2811 520 2893 cogitantur.
563 2808 601 2874 ld
622 2833 774 2876 maxume
797 2811 967 2877 offensioni
988 2819 1055 2890 est,
1077 2810 1164 2896 quod
1176 2805 1216 2874 ιιι
1230 2826 1295 2884 res,

132 2905 172 2972 de
188 2930 250 2994 qua
262 2910 326 2973 iarn
345 2932 404 2974 suo
420 2909 493 2975 loco
514 2913 594 2976 sutis
609 2909 750 2988 Quintus
774 2913 926 2998 exposuit
957 2911 1018 2998 (cl.
1039 2909 1085 2976 X.
1104 2911 1294 2975 eoo-410.
1353 2929 1356 2944 ι

130 3005 191 3073 Xl.
213 3013 229 3074 1
248 3011 336 3096 sq),
357 3013 472 3075 iteruin
493 3015 563 3076 sino
576 3036 689 3077 caussa
710 3022 743 3077 et
763 3012 837 3078 loco
857 3015 952 3098 plane
980 3013 1086 3077 alieno
1108 3009 1296 3076 inculcatur.
1346 3028 1356 3052 ·

131 3105 243 3198 ltaque
279 3119 405 3177 mutato
425 3109 576 3180 versuurn
603 3116 716 3180 ordine
748 3113 856 3181 locurn
886 3117 934 3179 ita
952 3137 972 3178 a
995 3120 1095 3200 poeta
1116 3110 1296 3198 proiectum

132 3231 204 3274 esse
223 3211 377 3281 arbitror.

132 3311 136 3329 ‘
294 3311 458 3410 ἐκπέρσαι
476 3321 624 3400 μεμαυῖα
643 3317 764 3406 κλοτιγν
782 3283 957 3439 Πριάμοιο
976 3312 1143 3401 πόληα.

295 3413 354 3482 καὶ
372 3411 449 3483 τότ’
472 3409 516 3508 άρ
524 3409 702 3488 Ἀἰνείαν
721 3414 877 3507 ἐρικυδέα
898 3411 945 3484 δῖ’
964 3410 1160 3506 Ἀφροδίτη,

295 3507 320 3602 ἧ
338 3517 382 3606 ῥα
401 3519 487 3605 μέγα
509 3517 693 3600 στενάχιζεν
708 3513 944 3606 Ἀλεξάνδροιο
964 3515 1136 3600 δαμέντος,

298 3608 381 3702 adop
400 3610 471 3686 άπδ
493 3617 677 3702 πτολέμοιο
695 3643 753 3685 και
743 3611 956 3708 οὐλομένης
975 3612 1114 3706 ὑσμίνης

166 3718 170 3734 ’
296 3705 446 3803 ἥρπασαν
465 3717 661 3805 ἐσσυμένως.

133 3812 203 3878 lanr
225 3814 323 3878 etiarn
346 3817 555 3904 intelligitur,
582 3842 645 3908 qua
667 3821 707 3886 de
731 3839 846 3885 caussa
868 3819 920 3886 hic
943 3841 1053 3888 versus
1076 3815 1296 3882 interficiatur.

132 3913 246 3990 Venus
265 3917 367 3998 enim,
389 3921 595 3988 vehementer
612 3921 730 3994 afflicta
747 3921 789 3987 ob
804 3913 929 3987 Paridis
949 3913 1103 3998 rnorteru,
1127 3941 1167 3984 eo
1182 3915 1317 3980 maiori‘

134 4039 211 4082 cura
222 4015 354 4084 Aeneae
370 4017 439 4084 filio
455 4026 627 4107 prorpio‘m
649 4046 689 4090 ne
708 4025 760 4089 lric
775 4046 902 4111 quoqne
919 4023 972 4089 vel
986 4028 1114 4110 praeter
1135 4019 1238 4086 tntum
1254 4012 1295 4078 ab

132 4119 290 4196 irascente
304 4117 451 4188 Minerva
467 4123 687 4194 interficiatur.
729 4125 826 4192 cuv.
838 4133 902 4192 294
915 4147 963 4214 sq.

215 4245 259 4314 V·
280 4253 341 4316 3¹¹
362 4273 410 4340 ⁸l·
838 4255 950 4325 πολλά
972 4248 1008 4324 δ’
1029 4245 1171 4323 duston

223 4382 227 4390 '
291 4350 477 4446 ’μαψιδίως
496 4353 662 4450 φορέοντο
681 4360 979 4452 περιγιαμφθέιτα
998 4355 1240 4446 βιλέμιοις.
