3044 4986
679 211 962 322 -rr7-

493 386 698 470 οἰνάνθας
718 379 1070 476 γάνοςάμπέλου,

491 491 674 581 βότρυος
695 487 814 558 ἕλικα
835 487 1118 560 παυσίπονον.

326 593 417 658 Haec
432 615 496 656 non
514 593 677 658 intellecta
691 613 762 656 esse
786 592 878 656 docet
899 615 998 677 prava
1020 595 1250 678 interpunctio,
1274 619 1319 661 ex
1339 619 1401 682 qua

239 689 1402 778 ‚etiaminedoptimaDiudorfiiverhacircadae-nccoiuovordiunlsa

243 809 316 867 sunt
332 800 474 860 inarime
487 797 640 860 incisione
652 797 736 860 facta
750 817 770 858 a
783 797 921 875 μαντεῖα
936 791 993 860 καὶ
1011 791 1182 876 σταδίους,
1207 802 1254 862 uti
1266 803 1299 864 in
1311 799 1402 864 libris

244 899 378 984 scriptis.
421 895 530 960 Bothii
542 896 658 962 melius
670 897 750 960 haec
765 897 985 980 distinguentis
995 895 1066 961 laus
1081 911 1208 982 propter
1219 921 1402 983 perversam

245 1021 338 1086 quam
358 999 522 1084 proposuit
545 995 792 1080 explicationem
811 997 875 1062 loci
894 995 987 1064 valde
1012 1001 1215 1064 imminuitur.
1263 1001 1329 1064 Sed
1349 1003 1402 1086 qui

244 1111 383 1166 veterem
397 1100 680 1181 interpunctionem
700 1097 843 1182 amplexi
861 1097 913 1164 hic
929 1111 1094 1164 centonem
1113 1121 1261 1166 versuum
1277 1101 1402 1186 Euripi·
1437 1125 1439 1130 ·

244 1202 376 1266 deornm
397 1198 437 1262 ab
458 1198 618 1282 Aeschylo
641 1201 753 1282 consui
773 1206 933 1278 statuunt,
952 1222 1013 1264 nae
1027 1198 1076 1265 illi
1088 1223 1199 1285 parum
1216 1201 1402 1286 Aristopha-

127 1385 134 1396 ,
242 1306 294 1368 uis
313 1314 412 1386 artem
433 1312 466 1363 et
484 1299 650 1363 consilium
672 1293 915 1385 perspexerunt.
956 1300 1124 1387 Euripides
1148 1303 1293 1388 quidem,
1320 1325 1401 1388 quae

244 1415 293 1470 est
308 1405 377 1466 eius
391 1403 568 1486 imperitia,
587 1402 739 1467 irridendi
751 1400 903 1484 Aeschyli
923 1424 1036 1483 eausa,
1057 1409 1094 1466 ut
1115 1425 1242 1470 carmen
1262 1403 1403 1472 efficeret

244 1504 412 1570 obscurum
434 1500 624 1588 perplexum
646 1509 680 1566 et
703 1510 900 1584 contortum,
920 1505 1058 1590 undique
1075 1525 1224 1568 versuum
1243 1504 1343 1569 frusta
1356 1517 1403 1566 te-

243 1627 331 1674 mere
353 1607 421 1668 sine
446 1601 515 1668 ulle
541 1607 692 1668 orationis
718 1606 926 1689 perpetuitate
952 1609 1083 1676 corrasit
1104 1618 1136 1670 et
1161 1606 1404 1694 consarcinavit,⁴

245 1707 331 1796 quod
345 1702 478 1776 minutal
493 1727 551 1789 pro
565 1727 716 1790 germano
734 1704 887 1789 Aeschyli
901 1709 1040 1778 carmine
1058 1709 1220 1774 venditare
1242 1727 1338 1770 ausus
1354 1719 1404 1770 est

243 1814 309 1896 (vs.
330 1808 582 1894 teca-1302).
621 1805 853 1891 Aristophanes
875 1819 981 1872 autem
1002 1821 1117 1892 quanto
1141 1808 1256 1874 melius
1274 1829 1342 1872 rem
1356 1810 1405 1872 in-

243 1915 346 1978 stituit
354 1933 467 1996 supra,
484 1927 611 1982 carmen
630 1908 766 1974 fundens
785 1906 880 1992 plane
908 1907 1088 1992 Aeschyleo
1109 1907 1203 1973 Musa
1225 1911 1352 1994 dignum
1371 1921 1404 1972 et

243 2015 355 2099 spiritu
379 2013 485 2074 divino
507 2012 585 2072 tacti
605 2016 723 2095 poetae
747 2011 936 2094 gravitatem
961 2013 1090 2096 spirans·
1108 2011 1174 2094 (vs.
1189 2003 1403 2094 822-837.j‚

245 2113 316 2177 Stat
339 2115 434 2197 igitur
454 2110 533 2174 mihi
554 2109 634 2175 haec
662 2113 834 2190 sententia,
866 2110 1008 2176 voluisse
1039 2111 1307 2196 Aristophaneum
1338 2113 1403 2178 Ae·

244 2213 388 2297 schylum
412 2212 473 2276 hoc
496 2214 620 2275 cantico
643 2211 792 2275 versibus
813 2211 992 2298 Euripideis
1014 2203 1148 2277 orationi
1171 2222 1344 2299 perpetuae
1370 2223 1403 2278 et

245 2317 419 2385 continenti
443 2314 578 2377 intextis
605 2311 698 2378 huius
727 2325 857 2397 poetae,
894 2313 1043 2398 largioris
1071 2337 1165 2400 quem
1192 2316 1404 2399 prudentioris

244 2439 373 2486 suarum
390 2415 572 2480 divitiarum
590 2413 836 2498 dispensatorie,
865 2419 1033 2501 aucupium
1050 2417 1311 2482 sehtenticlarurn
1331 2440 1406 2480 aeu-

244 2520 413 2598 tulerunt,¹
430 2517 554 2580 dicendi
571 2537 672 2598 genus
692 2517 789 2582 nimio
815 2529 927 2579 ornatu
947 2515 1095 2584 obrutum
1117 2530 1149 2582 et
1171 2517 1312 2582 artificiis
1337 2543 1405 2584 cor·

228 2632 401 2704 ruptum,
421 2619 590 2701 praecipue
611 2636 689 2678 vero
712 2613 953 2678 translationum
977 2618 1181 2680 andecimum
1202 2620 1406 2688 immodicum

211 2759 212 2764 κ
245 2739 339 2787 usum
353 2719 573 2802 perstringere.
616 2713 683 2778 Sed
699 2715 831 2778 adiectis
845 2714 950 2780 verbis
966 2710 1126 2792 οἰνάνθας
1146 2714 1246 2800 γάνος
1264 2749 1302 2768 -
1318 2742 1406 2784 παυ-

214 2836 216 2845 ’
245 2814 404 2896 σίπονον,
432 2838 513 2901 quae
535 2815 732 2901 aptioribus
753 2814 837 2878 mele
861 2814 1111 2894 dimisserunt,
1133 2820 1308 2901 quaeritur,
1331 2823 1406 2904 quid

246 2920 310 2988 sibi
320 2919 400 2984 haec
414 2917 526 2984 velint:
548 2916 604 2982 abi
616 2917 796 3002 delphines,
819 2914 917 2980 tiliae
935 2937 1059 2996 emam,
1078 2919 1221 2982 alludens
1234 2920 1279 2984 αά
1288 2941 1406 3003 proras

246 3021 407 3089 caeruleis.
420 3026 532 3084 roetrr'e
548 3021 647 3096 cahat
662 3025 814 3090 vaticinia
833 3027 867 3083 et
884 3019 1008 3098 studio,
1028 3016 1283 3087 oblectamentum
1303 3020 1407 3086 ledre-

246 3147 320 3192 scae
335 3128 426 3203 citri,
441 3143 522 3186 unae
536 3123 677 3188 columen
692 3143 713 3186 α
725 3118 834 3187 labore
849 3139 1007 3184 recreare.
1032 3117 1124 3194 Quae
1142 3119 1257 3186 leviter
1274 3125 1407 3190 intuenti

248 3228 457 3294 deliramenta
474 3223 659 3288 febriculosi
677 3222 814 3286 hominis
835 3218 1039 3301 videbuntur,
1069 3243 1129 3306 ego
1149 3229 1255 3286 statuo
1276 3228 1406 3310 egregie

246 3329 366 3398 referre
381 3347 503 3390 morem
518 3324 695 3409 Euripidis,
716 3327 770 3410 qui
787 3322 826 3388 ah
847 3321 911 3386 alia
926 3322 1133 3389 similitudine
1147 3325 1188 3388 ad
1206 3323 1300 3388 aliem
1316 3331 1407 3411 quasi

247 3429 356 3497 volatu
369 3429 485 3506 fertur,
501 3447 563 3510 quo
578 3429 757 3492 necessario
771 3429 872 3492 oratio
886 3423 923 3490 fit
937 3424 1206 3490 turuidn'obscura
1220 3437 1251 3490 et
1265 3427 1408 3492 ridicula.

248 3531 315 3596 Sed
328 3529 546 3612 expendamus
560 3527 694 3613 singula.
723 3527 836 3592 Sermo
852 3525 1142 3610 terdecentes,
1165 3533 1221 3612 put
1230 3532 1360 3594 incitati
1375 3539 1411 3594 et

248 3635 372 3698 alacres
387 3634 499 3694 rostris
511 3629 712 3712 perfremunt
724 3627 841 3711 (Attius
855 3651 905 3712 ap.
921 3625 987 3692 Cic.
1000 3628 1040 3692 de
1054 3641 1117 3693 nst.
1132 3629 1262 3692 deorum
1274 3629 1315 3694 II.
1331 3631 1406 3714 Bis).

247 3735 302 3800 Ex
316 3752 426 3797 eorum
438 3733 535 3794 variis
550 3727 685 3794 saltibus
693 3721 764 3795 cum
777 3730 882 3794 futura
894 3732 1111 3816 praesagirent
1123 3751 1153 3794 v.
1162 3753 1189 3796 c.
1199 3731 1325 3818 felicem
1338 3753 1407 3794 cur·

247 3854 330 3914 suun,
344 3837 576 3915 tempestatem,
590 3831 746 3916 plurimu,
762 3829 857 3896 facile
867 3829 1001 3916 intelligi
1011 3839 1127 3914 potest,
1142 3834 1216 3918 quid
1229 3827 1271 3898 sit
1283 3827 1409 3898 ἔπαλλε

247 3935 396 4019 μαντεῖα.
419 3929 632 4017 Theophrast.
648 3929 727 4020 περὶ
740 3952 847 4020 ornet.
860 3931 933 4000 T.I.
946 3955 978 4017 p.
987 3937 1057 4000 787.
1072 3933 1121 3997 ed.
1130 3931 1278 4000 Schneid.
1292 3929 1408 4020 δελφὶς

249 4031 343 4122 παρά
371 4035 430 4121 γῆν
456 4033 630 4119 κολυμβῶν
660 4031 722 4100 καὶ
738 4025 961 4116 ἀναδυόμενος
981 4031 1088 4101 πυκνά
1109 4030 1199 4123 ὕδωρ
1222 4026 1408 4118 irripere

236 4130 403 4224 ,appatere
419 4134 488 4219 (cll.
502 4134 559 4200 lv.
574 4159 606 4221 p.
625 4138 710 4220 730.)
731 4158 761 4201 v.
776 4135 850 4200 Eur.
865 4135 980 4204 Helen.
995 4158 1042 4202 vs.
1058 4141 1138 4202 1454
1153 4157 1200 4220 sq.
1224 4131 1408 4198 Schneider.

250 4237 353 4323 eclog.
360 4236 575 4322 physic.p.41.
586 4235 735 4315 Creuuer.
744 4235 852 4322 Syrnh.
861 4235 902 4304 ll.
909 4242 1009 4323 poco
1016 4261 1065 4324 sq.
1083 4237 1186 4304 Iidem
1196 4233 1280 4320 quod
1287 4233 1409 4300 alacres

251 4351 283 4406 et
307 4339 436 4406 incitato
456 4361 553 4410 cursu
569 4339 729 4427 feruntur,
756 4349 977 4430 comparantur
995 4361 1068 4408 cum
1090 4341 1149 4419 iis,
1180 4336 1233 4426 qui
1253 4336 1288 4404 in
1305 4337 1408 4402 stadio
