3026 4992
580 189 866 284 ἦεν-

140 371 231 430 rator
246 363 482 444 Hoelseherns‚
502 371 609 430 cetera
624 368 664 431 de
679 371 746 432 vitu
760 375 793 432 et
809 363 1062 452 scripturorum
1083 365 1218 432 orituris
1238 387 1304 430 me-
1363 362 1364 366 ’

139 469 328 546 ritissimus,
361 469 526 552 quicquam
556 469 715 550 contulit,
743 476 894 556 quantun
920 472 954 534 in
982 469 1075 534 nobis
1104 472 1166 538 erit
1197 467 1329 538 lucem.

142 569 255 632 nfl'erre
274 570 483 635 studebimus.
508 601 511 611 ·
1044 599 1046 602 ·

646 683 732 748 ·I.

271 817 544 884 Coniecturae
578 809 620 882 ιν
646 803 920 902 Antiphontis
950 822 1172 882 orationes.

203 978 206 984 '
228 969 364 1057 Τετραλ.
379 974 425 1034 B.
445 965 485 1051 sd.
504 973 533 1048 ξ.
548 975 562 1032 1
569 1015 576 1032 .
598 991 630 1052 p.
648 973 719 1032 659.
742 959 798 1032 νῦν
819 965 859 1056 δὴ
882 967 1028 1056 φανερόν
1047 991 1108 1052 μοι
1128 961 1181 1032 ὅτι
1200 957 1299 1030 αὐταὶ

138 1059 175 1130 ui
193 1067 364 1158 συμφοραὶ
384 1067 440 1135 καὶ
455 1073 565 1159 χρεῖαι
584 1069 661 1148 τούς
682 1093 717 1134 τε
741 1061 958 1159 ἀπράγμονος
979 1065 1026 1146 εἷς
1057 1063 1187 1155 ἀγῶνας
1207 1066 1310 1154 [νας

136 1169 335 1258 ταστῆναι],
363 1166 440 1250 τούς
463 1196 500 1260 τε
520 1166 827 1260 νῆσοχίοοςτολμᾶν
848 1165 889 1234 τά
912 1193 947 1234 τε
969 1161 1056 1234 itta
1080 1165 1174 1256 παρὰ
1197 1161 1297 1253 φύσιν

42 1349 45 1354 Ι
135 1267 244 1354 λέγειν
263 1269 321 1336 καὶ
339 1271 422 1360 δρᾶν
439 1271 623 1357 βιάζονται.
717 1293 719 1296 ·

219 1418 255 1483 In
276 1420 324 1485 his
344 1419 495 1487 Reiskius
518 1429 605 1487 recte
627 1425 805 1508 suspicatus
832 1429 902 1503 est,
930 1422 1063 1486 verbum
1092 1419 1294 1504 καταστῆναι

135 1523 207 1585 esse
220 1523 408 1588 addendum.
431 1519 432 1526 '
450 1523 516 1588 Sed
531 1527 629 1587 miror
642 1546 714 1588 eum
731 1546 794 1588 non
810 1523 953 1588 haesisse
969 1527 1003 1589 iu
1026 1527 1067 1588 iis
1087 1544 1167 1611 quae
1182 1519 1292 1584 subse·

134 1630 271 1709 quuntur
296 1624 412 1689 verbis.
456 1623 606 1700 Quonam
632 1627 716 1688 enim
744 1625 785 1690 τά
814 1649 849 1690 τε
880 1617 966 1690 dito
986 1626 1099 1689 referri
1122 1618 1293 1709 putamusi

132 1721 218 1788 Num
238 1726 321 1790 forte
345 1727 385 1790 ed
407 1727 488 1792 haec
511 1724 606 1816 παρὰ
629 1723 730 1813 φύσιν
751 1725 875 1812 le'yecoi
908 1727 962 1789 'At
981 1728 1070 1806 vide,
1092 1726 1194 1813 qualis
1216 1723 1291 1788 inde

133 1828 292 1892 existeret
317 1833 491 1895 sententia:
528 1831 739 1891 necessitates
766 1835 883 1912 cogunt
913 1827 1102 1912 tranquillos
1132 1827 1289 1904 homines,

83 1962 87 1977 ν
131 1933 168 1989 ut
182 1950 253 1992 cum
268 1929 471 2016 aliapraeter
484 1937 631 1994 naturam
645 1946 735 2002 suam
749 1949 917 2015 moresque
930 1929 1019 2015 loqui
1032 1939 1100 1993 tum
1119 1950 1214 2014 agere
1237 1937 1290 1990 co‘·
1385 1980 1386 1983 ,

131 2036 255 2092 nentur.
297 2029 366 2095 Imo
387 2054 463 2097 vero
485 2028 650 2116 tranquilli
672 2029 817 2094 homines
838 2053 857 2093 a
874 2033 1067 2094 necessitate
1086 2037 1215 2116 praeter
1232 2050 1288 2091 na-

129 2137 235 2195 turam
250 2141 389 2215 suamet
402 2133 663 2198 consuetudinem
678 2135 798 2217 pariter
812 2138 846 2194 et
857 2130 947 2222 loqui
962 2140 996 2200 et
1009 2154 1104 2217 agere
1120 2138 1285 2216 eoguntur.

128 2229 202 2296 Hoc
222 2235 270 2294 ita
292 2255 363 2296 esse
385 2257 456 2297 cum
481 2236 552 2318 ipsa
577 2256 630 2298 res
651 2235 715 2297 fert
732 2241 800 2297 tum
821 2237 862 2298 iis
880 2236 1022 2320 arguitur
1043 2253 1124 2317 quae
1143 2233 1184 2296 ad
1206 2229 1287 2292 haec

131 2333 329 2412 adversarius
353 2334 539 2416 respondet:
562 2335 612 2400 hic
637 2338 721 2399 enim
741 2333 840 2399 verba
856 2338 904 2399 rei
923 2338 955 2398 in
974 2332 1056 2397 hunc
1069 2336 1174 2418 ipsum
1185 2339 1287 2396 retor-
1332 2339 1341 2356 '

130 2455 230 2519 quens
249 2455 295 2496 or.
310 2455 338 2518 y.
355 2438 383 2512 §.
398 2439 426 2496 l.
441 2456 472 2518 p.
486 2439 558 2499 668.
574 2431 713 2519 ὅτιμὲν,
735 2438 847 2522 inquit,
868 2428 949 2521 urire)
967 2431 987 2520 ἡ
1001 2429 1097 2522 χρεία
1114 2429 1208 2520 παρὰ
1222 2425 1287 2521 φύ-

128 2529 377 2619 σινκαί.λέγειν
398 2531 455 2600 καὶ
474 2533 556 2622 δρᾶν
579 2529 731 2614 ἅπαντας
746 2529 931 2624 ἀναγκάζει,
954 2529 1039 2624 ἔργῳ
1059 2531 1116 2601 καὶ
1136 2525 1176 2600 οὗ
1198 2525 1286 2619 λόγῳ

127 2635 221 2702 δοκεῖ
238 2658 299 2718 μοι
319 2631 490 2724 σημαίνειν
510 2623 617 2716 οὗτος.
659 2636 761 2723 Atqui
788 2639 933 2703 homines
961 2659 981 2700 a
1010 2635 1113 2700 turbis
1141 2639 1286 2722 rixisque

127 2737 224 2802 alieni
244 2759 307 2802 non
327 2736 432 2818 solum
451 2739 674 2802 addicendum
700 2741 919 2824 agendumque
939 2746 1067 2822 praeter
1084 2759 1174 2802 suam
1193 2724 1293 2817 natu-s

125 2861 193 2902 ram
208 2861 228 2901 a
242 2841 434 2902 necessitate
450 2846 623 2922 eoguntur,
645 2840 707 2901 sed·
721 2841 819 2910 etiam
835 2840 875 2902 ud
889 2837 952 2902 alio
970 2837 1071 2903 multa
1084 2827 1286 2902 incommoda
1347 2832 1350 2837 ’

126 2938 320 3004 sustinenda.
365 2934 449 3011 Quid
463 2937 559 3002 iudet
589 2938 721 3000 Scilicet
740 2936 940 3002 scribendum
961 2946 1028 3003 est:
1049 2936 1127 3016 τούς
1147 2963 1183 3004 τε
1203 2937 1291 3026 ἦσα-ι

122 3036 216 3122 glevo
243 3037 370 3121 τολμᾶν
394 3033 436 3104 τοί
463 3061 500 3104 τε
527 3029 616 3128 ἄλλα
644 3035 712 3102 καὶ
739 3037 833 3126 παρὰ
861 3034 962 3126 φύσιν
989 3037 1096 3123 λέγειν
1123 3039 1181 3104 καὶ
1201 3042 1285 3127 δρᾶν

123 3135 314 3226 βιάζονταιτ
341 3141 517 3204 necessitas
540 3138 730 3228 tranquillos
751 3140 882 3204 eumad
902 3137 1086 3204 multaalia
1110 3134 1210 3223 adigit
1230 3161 1283 3202 co·
1383 3147 1385 3150 ’

124 3245 245 3322 nanda,
270 3249 339 3305 tum
362 3263 401 3304 eo
416 3240 567 3328 ‚adducit,
594 3249 631 3305 ut
653 3248 781 3332 praeter
801 3229 1062 3304 cousuetudinem
1082 3247 1116 3304 et
1138 3248 1284 3306 naturam

125 3365 215 3408 snam
235 3340 341 3407 dicere
364 3363 521 3430 agereque
545 3345 732 3414 sustineant.
775 3341 885 3406 Possis
909 3345 1006 3408 etiam
1019 3337 1100 3406 illu'd
1119 3337 1186 3406 ναὶ
1206 3349 1281 3407 aute

123 3441 229 3528 λέγειν
241 3447 390 3509 inserere.
413 3445 489 3508 Sive
506 3443 567 3508 hoc
582 3446 649 3507 sive
664 3442 744 3507 illud
758 3440 919 3530 probabis,
935 3437 979 3505 ex
994 3440 1091 3506 verbo
1106 3440 1233 3524 τολμᾶν
1247 3439 1282 3506 et

124 3545 320 3610 accusativus
346 3542 388 3612 roi
416 3568 451 3612 τε
479 3537 566 3611 ἄλλα
594 3552 629 3610 et
651 3543 800 3610 infinitivi
828 3543 934 3631 λέγειν
963 3550 997 3608 et
1020 3543 1104 3632 δρᾶν
1132 3548 1289 3630 ονοματος

122 3651 206 3713 sunt.

210 3791 303 3879 Terq.
315 3795 356 3875 B.
367 3815 396 3877 y.
409 3799 438 3872 ξ.
451 3803 482 3860 4.
498 3817 530 3880 p.
540 3789 646 3880 67οζἡ
663 3789 800 3882 μὲνγὰρ
815 3794 847 3878 (i.
863 3814 891 3856 e.
907 3785 928 3877 ἡ
947 3787 1078 3880 πονηρὰ
1094 3791 1160 3856 τῶν
1172 3789 1279 3878 λόγων

121 3883 299 3980 ἆκρὶβεια)
327 3891 522 3982 πιστότερον
544 3887 568 3982 ἢ
589 3887 815 3982 οἷληθέοτερον
836 3891 1017 3978 σύγκειται,
1040 3885 1061 3978 ἦ
1083 3883 1118 3958 d²
1141 3891 1185 3976 (i.
1203 3915 1231 3956 e.
1255 3887 1277 3980 ἦ
1320 3937 1324 3951 ,

121 3984 289 4078 ἀλήθεια)
316 3983 524 4083 ἆδολώτερον
545 3995 602 4064 καὶ
622 3989 869 4084 ἀδυνατώτερον
889 3990 1097 4079 λεχθήσεται.
1141 3990 1277 4058 Concin-

119 4091 250 4156 nosset
268 4095 448 4158 sententiae
460 4098 727 4186 ratio'legendum
744 4117 815 4164 esse
830 4095 958 4160 suadet:
978 4087 1000 4180 ἦ
1021 4087 1056 4160 d'
1067 4085 1277 4182 ἆδολώτερον

118 4185 143 4278 ἢ
163 4192 453 4284 δυνατώτερον
470 4196 679 4285 λεχθήσεται.
719 4198 859 4264 Primum
873 4199 957 4262 enim
970 4195 1135 4281 praecedit
1155 4187 1275 4260 πιστό-

55 4349 62 4366 .
118 4287 213 4385 τερον
232 4287 256 4384 ἢ
273 4287 503 4388 diutinumque
506 4343 518 4382 ,
539 4301 581 4368 ad
594 4302 678 4390 quod
695 4322 843 4370 eumore
858 4296 1065 4386 Antiphontis
1079 4296 1274 4366 concinnita-
