3030 5002
645 201 974 288 -214-

288 383 356 452 'V.
376 389 450 452 406.
466 394 541 466 sq·
644 373 765 452 86³²
742 407 861 452 επειτα
877 384 1026 508 κραηαιῷ
1043 383 1175 465 quinceu
1195 377 1309 476 pusii

354 521 356 528 v
482 476 680 571 Εὐρύπυλος
699 481 896 605 μεγάθυμος
911 481 960 554 id
969 480 1157 568 ἀσχαλόων
1173 482 1224 552 dri
1240 485 1363 569 θυμοῦ.

232 589 284 654 Itu
308 587 493 671 Τγελτταίιιν
515 586 635 668 edidit,
656 609 726 652 curn
749 589 783 652 iu
803 587 922 654 Aldina
940 595 1065 652 tuntum
1083 585 1260 672 legeretur.
1282 577 1416 675 Εὖρό-

235 690 357 766 πνλος,
378 679 540 773 μέγαό’
563 679 748 769 ἀσχαλόων.
787 685 860 752 Nisi
873 687 1038 772 Τγολιεπέι·
1049 686 1146 751 lectio
1168 709 1213 756 ex
1234 685 1320 752 boun
1346 709 1416 751 co-
1483 689 1484 764 q

237 793 308 856 dice
328 789 436 864 fluxit.
455 785 597 852 dubitari
614 811 809 875 magnopere
820 797 941 876 potest,
960 811 1003 856 an
1017 811 1057 852 cu
1073 810 1149 852 vere
1162 792 1312 873 upuetue
1325 811 1415 853 mu-
1483 773 1484 860 i

236 913 281 958 nu
302 894 346 956 sit
362 889 518 974 proiecte.
560 887 649 955 Satis
671 893 756 955 enim
784 889 933 977 displicet
954 893 1093 956 otiosum
1122 890 1314 954 adiectivnm
1335 913 1412 974 με-

236 988 406 1079 γάθυμος,
435 993 624 1074 praesertim
655 1013 727 1056 cnm
748 995 859 1057 stetim
878 1001 1028 1080 sequetur
1055 986 1104 1055 ένί
1123 991 1233 1076 θυμῷ.
1273 978 1421 1072 Potius.

238 1093 390 1180 quonium
423 1093 520 1154 etium
541 1099 636 1157 untes
655 1091 833 1180 Eurypylus
858 1096 1001 1160 infensus
1029 1097 1099 1155 erut
1127 1088 1315 1172 Machaoni,
1346 1095 1409 1178 qui

239 1213 313 1258 eum
334 1192 422 1276 prius
443 1191 664 1258 vulneraverat
684 1195 745 1276 (ci.
765 1217 796 1260 v.
821 1198 1031 1275 303-300.),
1051 1189 1119 1256 tale
1141 1193 1219 1276 quid·
1235 1215 1256 1256 a
1277 1189 1407 1268 Quinto

237 1295 417 1382 prefectum
435 1291 591 1358 arbitrer:
619 1295 786 1378 μᾶλλονΙ
807 1289 869 1362 ἔτ’
891 1288 1103 1384 Εὐρύπυλος,
1127 1291 1215 1378 μέγα
1238 1286 1273 1358 d'
1295 1285 1409 1374 dcxc-

239 1389 344 1472 λόονν,
375 1401 431 1458 aut
448 1385 652 1482 Ἐυρόπυλος
680 1393 790 1462 πολό
808 1394 985 1479 μᾶλλον,
1014 1386 1074 1460 id'
1102 1385 1286 1476 ἀσχαλόων.
1327 1394 1406 1488 Hcc

242 1499 326 1560 euim
349 1497 558 1580 aptissumum
579 1495 677 1576 iuret,
698 1499 727 1560 si
749 1498 867 1562 diserte
888 1497 1081 1561 indiceretur
1097 1501 1196 1578 mugr's
1221 1501 1317 1560 edium
1338 1497 1409 1576 Err-

241 1596 344 1683 rypyli
361 1600 445 1662 'irem
466 1599 647 1677 exarsisse,
672 1597 788 1683 lapidis
817 1601 948 1683 insuper
973 1601 1039 1662 ictu
1060 1619 1080 1666 e
1099 1594 1278 1678 Macheene
1275 1601 1409 1684 petiti.

244 1697 297 1771 Cf,
313 1697 474 1761 Homerus
500 1699 540 1762 Ψ
553 1703 625 1762 430.
642 1690 923 1780 ΑντίλοχοςόΗ
909 1692 959 1767 ε’τι
978 1721 1035 1762 και
1025 1694 1143 1817 πολὺ
1154 1669 1284 1780 μᾶλλον
1304 1691 1408 1764 ἐλαυ-

242 1823 306 1867 νεν.
341 1796 645 1875 Quint.1x.230.
693 1793 1055 1885 έτιμᾶλλονίππονς
1080 1790 1279 1918 ἀτρόνεοκεγ
1303 1795 1407 1869 έλαυ-
1483 1795 1484 1832 i

242 1901 349 1986 νέμει.
370 1899 450 1968 ibid.
461 1920 491 1962 v.
505 1904 576 1964 284.
598 1894 747 1966 uuid'''
725 1925 775 1966 ετι
788 1891 1030 2024 μᾶλλονέςἈ
1031 1924 1107 1990 ρεος
1126 1893 1223 1990 έργον
1246 1889 1405 2018 όρονοαν.

242 2001 287 2066 Et
307 2005 354 2068 ite
376 2003 474 2067 etiem
496 1998 648 2084 Apollod.
668 2001 739 2066 Ι.6.
772 2000 819 2084 ὠς
839 2003 877 2068 δὲ
895 1995 1132 2090 έκροίτηοαν“
1101 2025 1135 2066 οι
1154 1995 1235 2066 θεοί
1258 2001 1324 2074 τῶν
1339 2004 1373 2066 Γ
1371 2024 1405 2066 ι
1483 2041 1484 2046 1

243 2101 388 2198 γάντιον,
411 2101 463 2191 Γῆ
482 2101 612 2183 μᾶλλον
627 2102 880 2184 χολωθεῖοα-
903 2103 1001 2189 γεννᾷ
1025 2101 1180 2188 Τυφῶνα.

294 2199 339 2266 V.
353 2205 425 2266 469.
446 2193 639 2282 Λόοοον,“
620 2226 659 2268 ον
679 2195 851 2272 ἀντίθεον
867 2199 1005 2292 Προνόη
1027 2199 1119 2268 τέκεν
1132 2193 1222 2354 ἀμφι
1212 2193 1406 2316 ῥεέθροις.

241 2297 457 2378 scribendum
483 2295 670 2384 ἀντίθεος.

329 2403 372 2471 V.
391 2411 455 2470 484
476 2427 544 2528 sqq.

411 2510 460 2592 τῷ
479 2501 530 2572 ένι
550 2501 686 2574 όοιαί”
662 2528 764 2574 ενεισι
781 2500 999 2591 καταιβασιαι
1018 2529 1038 2571 τ
1041 2494 1195 2571 ’drudus'
1212 2526 1259 2586 τε,

411 2597 516 2691 ἦμέν
539 2605 626 2728 πρός
647 2609 772 2727 βορέαο
792 2607 1005 2698 τεταγμένη
1026 2629 1181 2695 ηχηεντος

394 2703 549 2786 πνοιάς,
571 2701 591 2796 iq
571 2698 652 2774 r'de
673 2706 784 2775 νότοιο
805 2703 978 2773 καταντίον
996 2702 1096 2797 ὑγρόν
1117 2699 1243 2784 ἀέντος.

249 2800 395 2902 offendit
412 2829 463 2872 me
484 2829 550 2872 vox
564 2809 799 2898 τεταγμένη,
827 2830 907 2895 quee
928 2817 1016 2872 recte
1032 2812 1139 2896 posita
1161 2816 1261 2890 esset,
1290 2812 1319 2874 si
1338 2831 1406 2874 me-

117 2984 125 2999 l
248 2917 427 2974 lucraretur
452 2907 566 2993 aliquis
586 2908 701 2986 humo,
731 2915 786 2996 qui
815 2908 855 2973 ab
879 2909 943 2974 elio
966 2913 1028 2996 ipsi
1049 2914 1250 2996 imperitante
1277 2919 1404 2996 septen·

244 3012 386 3102 ’irionem
407 3031 517 3074 versus
540 3019 628 3074 essct
649 3010 834 3078 collocatus.
879 3010 960 3076 Cum
990 3021 1096 3077 autem
1115 3021 1212 3097 poeta
1239 3009 1271 3075 h.
1297 3011 1320 3078 l.
1345 3036 1403 3090 ex·

246 3120 351 3200 ponet
371 3113 409 3176 de
429 3115 492 3176 situ
514 3111 679 3178 aruburum
700 3116 904 3193 introituum,
936 3135 1015 3198 quos
1033 3111 1113 3177 illud
1127 3113 1334 3202 nympharum
1350 3135 1403 3177 en-

250 3220 335 3278 trum
356 3213 523 3295 hebuerit,
552 3221 685 3300 apparet
713 3217 878 3299 scripsisse
906 3235 978 3278 eum
1009 3235 1073 3278 uon
1094 3214 1300 3303 τεταγμένη
1308 3265 1318 3296 ,
1346 3217 1403 3280 sed

180 3395 184 3399 .
241 3313 501 3404 τετραμμένη.
549 3307 623 3378 Ηοα
650 3317 735 3379 euim
763 3314 895 3379 verbum
915 3323 1102 3406 usurpatur,
1128 3313 1184 3377 ubi
1204 3308 1336 3380 alicuius
1356 3318 1402 3402 rei

248 3416 282 3478 in
309 3416 449 3501 aliquem
477 3414 561 3478 coeli
588 3413 716 3500 pingam
740 3408 904 3482 conversio
927 3415 1131 3480 describitur.
1174 3412 1225 3480 cf.
1246 3414 1402 3483 Homerus

248 3535 275 3579 ε.
294 3519 345 3579 71.
366 3517 405 3580 de
428 3515 586 3580 fontibus:
1102 3534 1107 3546 ¹
1279 3537 1306 3546 ·’

414 3613 557 3705 πλησίον
575 3609 730 3705 ἀλλήλων
747 3619 970 3708 τετραμμέναι
991 3609 1127 3694 ἀλλοόις
1148 3606 1245 3709 ἀλλη.

248 3713 326 3780 ibid.
345 3737 380 3800 μ.
403 3722 444 3780 80
466 3739 513 3803 sq.

414 3815 528 3904 μέσσην
549 3811 582 3886 δ’
604 3811 640 3885 έν
660 3816 814 3906 σκοπέλῳ
834 3815 905 3884 iuni
925 3819 1028 3896 σπέος
1043 3809 1214 3908 ἠεροειδές

412 3917 499 4007 πρός
517 3917 636 4006 ζόφον,
659 3912 856 4009 εἷς”Ερεβος
875 3920 1107 4008 τετραμμένον.
1482 3987 1484 3996 ,

244 4014 363 4103 Neque
384 4018 478 4084 uiitcr
491 4016 629 4095 Quintus
649 4019 674 4086 l
692 4019 799 4087 184.έ
800 4045 818 4098 ς
841 4016 931 4110 ίερὸν
947 4043 1083 4111 τετραμι
1070 4021 1177 4106 μένος.
1197 4017 1256 4084 lx.
1274 4013 1395 4082 fidi-de

246 4117 316 4186 uiis
335 4117 557 4205 τετραμμέναι
582 4113 719 4200 ἀλλυδις
752 4113 855 4209 ἀλλη,
902 4119 961 4185 ubi
982 4124 1066 4190 mulc
1094 4116 1185 4208 ἀέλλη
1212 4119 1326 4182 editur.
1352 4116 1394 4184 X.

247 4226 320 4284 488.
341 4213 473 4305 οτηλας,
474 4218 594 4390 ἐαίπερ
611 4217 700 4293 εἀοι
710 4221 934 4312 τετραμμέναι
953 4214 1090 4302 ritanus
1106 4214 1201 4309 έίλλη.
1222 4217 1314 4288 xlll.
1326 4226 1396 4289 484.

247 4316 491 4413 (demptum
491 4322 625 4403 ςνότον
644 4317 802 4446 ηερόεντα
821 4325 1053 4420 τετραμμένον.
1179 4358 1198 4388 .·
1230 4359 1234 4370 ’
1291 4341 1333 4372 *-
1377 4337 1392 4374 ·¹
1483 4395 1484 4414 η
