3000 4992
504 216 594 290 ‘'-1
650 225 852 307 259-

500 410 590 496 ἡδ’
618 399 696 478 ὦκα
694 407 788 500 μίγη
814 416 907 506 κονίη
930 414 985 482 καλ
1010 405 1180 504 ὀλέθρῳ

183 508 399 594 εὐσταλέως
422 517 579 640 ἐριποῦσα
604 513 677 582 κατ’
706 508 833 594 ονὸεος·
861 515 900 584 οὐ
913 517 963 581 δέ
988 519 1020 582 ολ
1045 520 1146 634 αλδὼς

221 643 357 714 ρσχννιν
380 614 540 703 δέμας
500 641 555 701 ην·
581 615 676 700 τάθη
702 609 747 684 δ’
761 618 814 687 int
833 610 940 700 νηὸὑα
964 613 1102 706 μακρήν.

119 729 349 812 Haecssi'sana
364 736 454 809 sunt,
477 724 580 806 αἶδιῠς
597 751 661 792 non
677 733 870 812 potestesse
884 730 1006 812 paedor,
1026 733 1074 793 uti
1087 731 1279 800 vertitRhc-¹

120 833 308 909 ιέσιιιαιιιινε,
331 831 390 893 sed
406 833 477 914 ipsa
486 831 637 912 μιιιλιιιιέα
654 830 828 916 etquidem
845 831 997 894 revelata·
1039 829 1111 894 Hoc
1131 834 1214 896 enim
1231 834 1279 898 di·

121 935 212 1011 citur,
226 929 450 996 Penthesileae
458 928 702 1014 pulcritudinem
716 950 780 993 non
790 951 829 991 eo
838 950 910 994 esse
923 929 1176 1009 dehonestatam,
1192 935 1279 1018 qnod

6 1019 11 1032 ’
121 1019 256 1117 trirpitei
271 1035 421 1116 resupina
435 1031 603 1110 ceciderit,
623 1030 779 1115 pudendis
796 1032 829 1093 in
851 1039 1057 1114 conspectum
1075 1033 1167 1096 datis.
1210 1033 1278 1101 Sed

118 1137 212 1198 nimis
226 1132 368 1198 breviter
382 1140 476 1217 atque
492 1129 626 1194 obscure
642 1130 722 1195 haec
737 1131 1029 1215 poetaenuntiavit.
1051 1129 1163 1218 ltaque
1178 1123 1278 1202 etiam

117 1243 193 1320 post
206 1256 236 1298 v.
251 1221 323 1298 622ss
336 1253 446 1298 versus
460 1233 660 1296 intercidisse
679 1232 821 1312 videtur,
843 1253 905 1318 quo
927 1253 966 1295 ea
981 1253 1033 1296 res
1050 1232 1166 1299 clarius
1179 1259 1278 1306 enun-

116 1337 198 1398 tiata
219 1343 300 1399 erat.
1257 1325 1261 1332 x

202 1434 239 1500 In
257 1433 339 1499 Ir'bro
357 1433 493 1500 secando
513 1431 702 1516 Ἱλμσλιινίιιι
732 1432 845 1497 addito·
861 1455 879 1498 e
901 1433 992 1498 codd.
1017 1455 1110 1499 versu
1127 1439 1178 1501 76.
1205 1439 1278 1506 nul.

75 1587 80 1596 .
117 1535 183 1602 lam
197 1538 323 1602 videtur
333 1542 455 1600 restare
466 1537 628 1619 putavisse
642 1534 797 1599 lacunam.
834 1533 958 1599 Tamen
977 1557 1042 1600 non
1062 1535 1173 1602 dubito
1201 1544 1278 1626 quin

121 1657 232 1704 versus
255 1639 339 1704 desit
357 1640 442 1702 inter
460 1658 490 1700 v.
511 1639 596 1700 415.
619 1643 654 1700 et
671 1641 765 1716 416,
783 1633 847 1722 'qui
875 1657 957 1700 nune
979 1637 1027 1700 ita
1048 1634 1215 1721 leguntur:

284 1747 424 1834 σχέτλιε,
448 1743 537 1812 τίπτε
562 1743 604 1812 σύ
634 1745 750 1833 Τρῶας
775 1743 951 1834 ἀνηλιμέως
975 1738 1128 1826 ὀλέεσιιες.

282 1847 416 1918 πάντων
441 1839 609 1934 εὐχόμενος
632 1841 718 1913 πολὺ
742 1854 900 1939 φέρτερος,
919 1846 1052 1937 ἔμμεναι
1076 1840 1215 1942 ἀνδρῶν,

279 1947 403 2042 μητρός
423 1947 455 2019 τ’
480 1947 657 2032 ἀθανάτης
677 1951 851 2040 Νηρηίδος.

117 2059 208 2126 Haec
220 2064 365 2146 profecto
379 2065 457 2128 mire
473 2060 656 2127 cohaerent.
697 2059 780 2126 Nam
795 2065 970 2148 quicunque
988 2061 1049 2125 hos
1063 2083 1174 2126 versus
1187 2059 1277 2151 lege·

116 2165 177 2244 rit,
202 2166 360 2246 genitivos
377 2159 503 2252 μητρὸς
522 2155 696 2252 ἀθανάτης
716 2159 887 2252 Νηρηίδος
907 2186 927 2226 ιι
950 2166 1167 2245 comparativo
1190 2165 1275 2256 ‹pdo-

117 2286 214 2352 τερος
233 2266 372 2349 pendere
392 2265 562 2350 putaverit.
603 2262 674 2327 Nec
696 2284 890 2349 magnopere
912 2261 1019 2326 locum
1042 2263 1223 2346 adiuvabis‚
1247 2271 1277 2332 si

103 2387 176 2450 ,pro
194 2365 310 2449 copula
330 2364 366 2429 σὲ
384 2361 571 2444 particulam
583 2365 820 2426 adversativam
836 2362 873 2429 δὲ
886 2365 1077 2448 reposueris.
1121 2362 1198 2430 Sine
1221 2366 1278 2431 du·

120 2463 174 2529 bio
191 2485 302 2529 versus
316 2467 411 2549 periit
423 2463 516 2527 huius
529 2463 596 2528 fere
614 2467 808 2527 sententiae:

221 2571 351 2642 πάντων
374 2564 546 2660 ινχὸμενος
569 2565 653 2641 πολὺ
679 2573 833 2688 φέρτερος
858 2569 991 2658 ἔμμεναι
1014 2549 1146 2662 ανδρῶν

218 2675 402 2772 [κάρτεΐ
424 2679 492 2743 καλ
517 2670 659 2763 γενεὴν
681 2669 1020 2765 μεμάλσνΔιός
1001 2701 1180 2764 εμμιναι
1205 2677 1279 2749 αὖ·

1011 2779 1113 2866 τοῦ]

216 2877 336 2971 μητρός
360 2906 381 2948 τ
385 2872 595 2964 αθανᾶιης
617 2882 785 2970 Νηρηίδος
810 2893 873 2946 etc.

122 2991 247 3059 Similia
271 2995 333 3058 vid.
356 2999 473 3057 v..434
487 3013 534 3076 sq.
564 2991 657 3056 xlv.
675 2999 748 3056 254.

127 3082 134 3096 “
168 3095 281 3162 Paullo
290 3093 600 3160 incertiusiudrcmm
608 3095 715 3157 cmtdc
724 3091 875 3157 hrslocrs
891 3095 989 3155 vaso
997 3113 1045 3178 sq
1035 3089 1276 3160 ,Νοσέοιιλίσίέι

695 3198 842 3286 ὅμωςδ’
867 3204 915 3268 έτι
929 3197 1087 3317 φέρτερός
1104 3207 1169 3288 εἰμι

281 3307 410 3375 πολλῶν
434 3299 641 3393 ἀνθρώπων,
666 3301 820 3392 παύροισι
845 3303 880 3370 δὲ
905 3300 1009 3394 γῆρας
1033 3295 1165 3372 νπιέιιει.

119 3416 349 3497 Postrema,
324 3440 352 3482 sr
368 3418 463 3503 plena
481 3423 569 3495 sunt,
592 3416 639 3480 ita
657 3414 850 3497 explicanda
871 3421 982 3478 amnt.
1003 3416 1142 3499 „paneis
1168 3419 1288 3480 autem*
1370 3492 1374 3498 Ι

118 3539 189 3584 mea
210 3519 295 3581 eadit
316 3520 545 3598 senectus,“'
536 3541 558 3582 ι.
579 3539 608 3580 e.
623 3519 733 3601 paucis
755 3517 834 3580 cedo
851 3529 912 3600 ego
933 3535 1047 3580 senex.
1090 3512 1157 3580 Sed
1167 3522 1276 3582 tomen

118 3619 199 3684 haec
220 3617 386 3684 obscurius
409 3621 574 3686 enuntiata
593 3623 676 3682 suot.
718 3615 831 3703 ltaque
853 3618 962 3681 neseio
990 3637 1031 3680 ao
1051 3622 1128 3736 post
1146 3635 1177 3680 v
1202 3619 1275 3681 337.

99 3753 102 3758 ¹
118 3740 229 3786 versus
243 3721 379 3784 omissus
392 3723 436 3786 sit
448 3721 541 3832 huius
554 3720 749 3786 sententiae:

736 3822 894 3915 παύροισι
911 3820 1009 3894 δὲ
964 3849 1069 3912 γηραι
1083 3814 1206 3894 ὑπείκει

169 3927 408 4018 [ἡμέτερον,
433 3928 571 4001 τοῖσίν
595 3956 638 4000 τι
662 3931 773 4000 πέλει
799 3925 955 4023 κράτος
975 3922 1045 4012 ἡδὲ
1065 3929 1136 3994 καλ
1162 3917 1276 4024 λίβα]

71 4101 73 4106 .
200 4041 280 4107 Post
299 4063 330 4105 v.
346 4045 416 4105 548.

390 4141 462 4217 οδ
490 4139 577 4245 αἶψα
602 4150 695 4221 δίωκε
719 4150 817 4240 μένος
842 4148 924 4234 μέγα
945 4150 1081 4215 λαίλαπι
1101 4139 1172 4226 ἶσος
1258 4243 1260 4247 Ι

118 4261 255 4326 fortasse
268 4283 379 4326 versus
392 4263 488 4349 periit
502 4264 711 4329 eiuscemodi:
731 4255 954 4349 ΙΠηλείδης
974 4253 1042 4348 tot
1048 4261 1102 4323 θυ
1108 4279 1187 4341 μσς
1204 4247 1275 4321 ὑπ’

118 4355 233 4449 έμχιϊ
253 4365 396 4456 Τρῶας
419 4359 604 4455 ἐναέριον.
646 4361 825 4434 Νιιαιίοάο
842 4381 862 4430 a
880 4383 910 4429 v.
933 4363 1018 4444 5435
1035 4357 1090 4426 nbi
1110 4365 1274 4446 postremo
