3030 5002
569 242 638 271 --..
685 197 780 289 219
832 245 896 270 --·

146 389 263 466 ctaque
281 379 314 446 ei
330 382 424 459 capta
438 374 594 443 cedunt-tt
632 372 713 442 Non
726 377 806 445 satis
822 375 1208 462 quameunntntdetm
1225 381 1314 474 ἐρειε
1397 370 1402 376 i

148 478 324 565 πομένων,
357 477 486 565 quodsi
503 485 697 557 sanurnest,
717 477 830 544 referri
851 479 979 546 omnino
998 478 1095 546 debet
1112 483 1152 546 ad
1164 506 1204 549 ea
1229 507 1312 571 quaa

149 582 360 646 antecedunt:
382 573 522 666 κρημνοὶ
541 575 789 646 ἐπικτυπέουσι.
832 579 899 645 Sed
922 579 1168 666 satislaoguidc
1185 586 1312 656 additur
1378 618 1382 626 ¹
1448 563 1450 574 Ι

147 683 231 748 illud
249 676 492 769 ἐρειπομένων,
517 685 551 742 et
569 679 678 746 fremit
702 682 852 746 continuo
873 690 1021 759 torrens,
1037 685 1133 762 etiam
1156 707 1226 755 cunr
1249 680 1313 766 non

145 785 291 868 nepesin
306 803 378 848 eum
393 782 649 865 praecipitantur.
687 779 801 865 ltaque
812 783 920 862 potius
933 779 1034 848 latere
1049 784 1236 853 crediderim
1252 787 1311 863 ale,

149 885 235 971 quod
257 883 476 969 participium,
499 880 583 966 quod
596 883 756 964 pertineat
771 883 812 947 ad
825 882 969 964 flurium„
1004 884 1047 953 Et
1071 883 1134 950 lroc
1150 887 1313 966 lacilere·

149 987 242 1050 atitui
261 990 388 1079 potest,
418 985 447 1045 si
467 981 622 1046 scribatur
657 975 729 1046 αἶέν
750 979 1022 1070 ἐρευγομένην.
1065 983 1136 1050 Ηοο
1148 991 1242 1068 enirn
1266 1009 1311 1056 ex

147 1084 298 1150 sollemni
320 1105 380 1149 usu
400 1081 487 1148 lrene
506 1084 620 1147 dicitur
640 1083 679 1146 de
695 1083 824 1148 flumine
843 1085 944 1148 undas
957 1085 1312 1156 fluctuosasvehemen·

149 1189 225 1253 ter
217 1210 249 1251 ιιι
262 1207 349 1250 maro
362 1184 554 1254 effundente.

236 1275 280 1352 V.
308 1291 369 1352 235
386 1308 454 1372 sqq.

314 1378 512 1475 χρειιύό’“
496 1378 537 1472 vir
557 1376 624 1462 τιν
645 1380 760 1456 ἵκανον
779 1379 947 1476 iudanoma
965 1387 1081 1478 μέχρις
1100 1387 1135 1468 ἐς
1155 1381 1212 1479 ἦν
1302 1449 1305 1456 .

316 1479 409 1576 dolon
428 1483 475 1576 μὴ
497 1479 684 1576 ἀχνυμένην
696 1511 755 1572 μιν
775 1483 835 1582 ἕλη
858 1487 1068 1579 πολύδακρυς
1088 1483 1181 1578 άνίη,

310 1584 370 1660 κατ’
389 1615 449 1674 μιν
467 1586 704 1671 ἐπεσσύμενον
722 1586 816 1670 μάλα
833 1587 1011 1678 λισσομένη
1032 1589 1204 1681 κατερύκη.
1306 1675 1308 1682 Ι

147 1689 388 1764 normanna
415 1686 653 1772 ἐπεσσύμενον
675 1692 772 1756 vertit
787 1700 1032 1774 properantem,
1067 1715 1104 1758 ac
1126 1696 1155 1763 si
1175 1687 1310 1780 sareapai,⁸

147 1815 247 1878 μενον
273 1790 418 1876 legisset,
468 1790 535 1856 Sed
562 1790 623 1859 hoc
653 1793 748 1857 annis
775 1797 933 1857 remotum
956 1790 1119 1878 arrrlgari
1142 1799 1308 1890 scriptura,

148 1917 230 1980 quae
267 1903 375 1962 tamen
410 1913 607 1977 magnopere
640 1891 775 1959 offendit
808 1900 979 1977 propterea
1007 1893 1139 1980 qnod‘
1115 1893 1308 2014 επεσσύμαι

147 1996 189 2060 da
214 1995 324 2060 hostili
343 2000 467 2062 tantum
488 1993 611 2076 impetu
632 1995 756 2060 dicitur.
799 1990 937 2068 Quintus
952 1987 1126 2061 dederat’
1104 1995 1309 2080 andoenus-r

101 2151 110 2158 .
147 2096 263 2178 vomi.
286 2121 315 2162 e.
338 2096 488 2168 celeriter
508 2093 689 2163 abeuntem
734 2093 784 2161 cf.
805 2093 866 2160 lX.
885 2101 955 2160 114.
975 2097 1014 2160 de
1037 2095 1206 2165 'l'roiauo
1196 2120 1230 2164 ιιι
1250 2119 1309 2184 puy

143 2219 240 2282 gnam
260 2206 388 2268 ruente:
414 2198 461 2282 τῷ
482 2188 686 2280 reinducere
702 2231 743 2246 ·-
763 2189 848 2272 ἔντε’
874 2191 1086 2283 ἐποιχομένην
1108 2192 1301 2287 nuperrima·

143 2296 235 2364 Nihil
264 2305 372 2364 autem
395 2296 485 2365 valet
510 2298 557 2372 ,ad
585 2297 819 2362 defendendam
840 2297 1004 2382 vulgatam
1029 2319 1059 2360 r.
1079 2303 1152 2364 251.
1181 2297 1306 2378 παιύός
1350 2296 1354 2302 ’

144 2395 384 2481 ἐπεσσυμένοιο
413 2392 493 2464 ποτὶ
519 2394 705 2478 πτολέμοιο
736 2395 906 2478 κυδοιμόν.
952 2395 1074 2462 Contra
1100 2397 1165 2464 vid.
1185 2397 1211 2462 l.
1234 2405 1308 2478 244,

144 2499 206 2564 τού
226 2492 261 2566 δ’
283 2490 341 2588 ἄρ’
365 2490 623 2578 άπεσσυμένοιο
642 2493 739 2584 παθη
766 2492 969 2584 φυλάκεσσιν
988 2493 1128 2588 ἐτύχθη,
1150 2508 1186 2566 at
1210 2499 1307 2572 Vlll.‹

142 2604 217 2666 255.
245 2597 328 2666 λαὸν
353 2591 607 2682 ἀπεσσύμενον
623 2590 702 2684 μέγ’
727 2590 831 2664 ciriaca

229 2699 277 2767 V..
292 2707 355 2766 242
376 2721 424 2786 sq.

269 2796 348 2870 ἀλλ’
372 2795 410 2870 ού
430 2798 641 2890 Δηιδάμειαν
662 2797 831 2892 ἐπήρατον
848 2794 956 2882 ύπνος
977 2797 1161 2893 ἔμαρπτεν,

272 2893 399 2986 odonna
419 2902 602 2992 κερδαλέον
621 2904 886 2993 μιμνησκομένην
903 2897 1075 2990 Ὀδυσῆος.

151 3001 351 3091 Quamquam
370 3008 446 3090 quin
467 3006 596 3072 omnino
616 3010 704 3068 recte
725 3001 895 3068 Deidamia
916 3006 1038 3071 dicatur
1059 3003 1236 3092 ἐπήρατος,
1259 3009 1309 3072 tri·

148 3104 195 3179 lrll
218 3105 350 3184 dubito,
382 3105 415 3172 h.
430 3105 452 3170 l.
480 3111 588 3172 tamen
618 3126 659 3168 an
687 3107 738 3168 ita·
753 3105 838 3170 dieta
857 3109 915 3186 sit,
950 3108 1059 3196 quaeri
1078 3112 1197 3191 potest.
1240 3105 1309 3188 Pri,

149 3227 236 3272 mum
257 3211 341 3273 enirn
363 3207 395 3280 λι.
417 3206 440 3278 λ.
466 3229 537 3271 cum
566 3205 787 3272 tantummodo
817 3228 921 3272 sermo
943 3211 987 3272 sit
1013 3207 1054 3272 de
1078 3205 1307 3290 sollicitudine,

148 3332 209 3397 qua
226 3309 413 3374 Deidamiae
431 3328 561 3372 somnus
577 3306 726 3392 abigitur,
748 3307 835 3372 nulla
851 3331 966 3374 caussa
978 3316 1045 3390 est,
1067 3307 1109 3372 ob
1124 3329 1219 3392 quam
1234 3311 1304 3398 eius

146 3409 348 3498 pulchritudo
370 3414 572 3472 memoretur.
614 3407 721 3493 Magis
747 3411 844 3473 etiam
873 3410 1064 3476 adiectivum
1094 3408 1227 3497 languet
1253 3433 1304 3494 eo,

148 3531 211 3599 qno
232 3514 370 3597 positum
392 3516 460 3590 est,
499 3508 583 3576 looc.
607 3508 738 3596 'ltaque
758 3518 857 3596 poeta
876 3513 1043 3598 scripsisse
1063 3512 1189 3577 videtur
1224 3509 1305 3632 ἐπη-

149 3633 285 3702 ροιτος,
316 3633 399 3698 quo
396 3610 549 3698 epitheto
575 3609 606 3675 λι.
623 3608 647 3676 λ.
669 3633 708 3676 eo
739 3614 844 3697 aptius
865 3633 996 3676 somnus
1018 3614 1203 3698 insignitur,
1225 3617 1307 3700 quia

147 3733 246 3798 aeger
261 3710 449 3778 describitur
461 3711 651 3778 Deidamiae
670 3716 808 3794 annuus,
832 3737 894 3801 quo
916 3736 975 3778 uec
995 3736 1053 3799 per
1073 3722 1201 3780 noctem
1217 3719 1307 3802 quie-¹

148 3819 193 3879 tis
223 3810 379 3876 beneficio
407 3799 469 3878 frui
493 3816 673 3898 potuerit.
686 3811 795 3880 Notae
818 3822 893 3883 suut
912 3815 1103 3884 Homericae
1130 3815 1304 3898 [ormulaer

145 3912 274 4002 χλνκύς,
295 3906 393 4000 ἡδύς,
410 3905 628 4002 άμβρόσισς“
608 3939 722 3996 υπνος.
738 3916 895 3984 Similiter
908 3913 1154 4002 aprrdNonnum
1168 3914 1305 3983 XLVII.
1369 3965 1372 3975 r

146 4024 221 4083 346.
241 4007 552 4102 ἷύνειροςέπήρατος
573 4018 697 4083 dicitur.

229 4116 274 4183 V.
295 4119 357 4183 338
379 4133 476 4199 sqq.
692 4114 839 4208 pilqrd'
861 4114 1043 4209 ἐγκάτθετο
1062 4115 1179 4206 κόλπῳ

312 4207 351 4284 εἴ
364 4237 399 4282 τι
416 4209 467 4284 ἐνὶ
482 4213 659 4304 μεγάροισι
677 4218 870 4308 τετυγμένον
887 4212 946 4310 ηεν
965 4213 1123 4311 άθυρμα,
1165 4266 1168 4274 -
1220 4249 1246 4283 ,-
1299 4243 1303 4262 ¹

193 4374 197 4384 .
314 4337 342 4408 ιχι
327 4303 425 4390 im
444 4313 574 4398 τυτθὸς
580 4313 644 4389 ἐάν
662 4344 711 4408 με
718 4320 850 4411 χαλας
866 4322 1017 4466 φρένας
1008 4315 1228 4414 inrecto„
