3026 4992
546 201 550 206 .
590 259 648 272 ...
705 207 880 294 M„

156 398 212 458 aut
233 365 503 478 διαπραξάμενος
522 385 644 464 alicubi
659 391 821 456 excidisse
835 337 977 472 uidetur,
997 401 1041 458 eri
1061 403 1124 482 quo
1139 387 1314 536 infirriti'uus

154 491 428 580 perscrutamur
449 497 547 557 esset.
1307 537 1309 545 ,

124 721 126 729 Α
239 620 391 728 Eiusdem
418 650 497 727 orat.
529 647 558 723 5.
581 647 630 706 19.
658 665 690 728 p.
714 645 786 706 714.
816 635 939 714 οὑτωσὶ
965 637 1026 726 μὲν
1047 639 1087 728 δὴ
1115 633 1287 720 παλλοῒς’
1272 633 1314 707 dv
1399 633 1402 638 ’

156 733 282 822 σωθεὶς
305 745 371 862 apin
397 740 507 864 νόμιρν
530 744 596 810 τῶν
621 737 790 832 ὑμετέροιν
816 739 874 808 καὶ
893 753 951 806 του
936 737 1105 808 δικαίου
1122 740 1315 830 καθέστηκα

156 839 204 922 εἰς
233 841 291 910 τόν
315 835 443 930 dymno·
478 837 570 927 ὅμως
602 842 717 928 μέντοι
742 866 779 931 γε
803 840 861 909 καὶ
888 839 926 909 ἑκ
954 838 1080 908 τούτων
1107 839 1314 932 πειράσομαι

155 941 298 1028 ἕμαυτδν
320 935 470 1012 ἀναίτιον
489 942 665 1024 ἐπιδεῖξαι.

129 1108 132 1117 ’
156 1137 161 1145 -
171 1093 330 1160 Haec
348 1094 448 1160 verba
469 1097 616 1181 graviore
638 1094 819 1181 corruptela
841 1094 990 1162 laborant
1016 1115 1110 1181 quam
1135 1092 1232 1158 alicui
1249 1097 1315 1180 pri·

156 1193 299 1260 moribus
320 1200 420 1282 quasi*
440 1197 535 1262 labiis
561 1196 667 1262 locum
696 1199 854 1282 tangenti·
872 1198 1026 1261 videatur.
1054 1193 1136 1270 ,sed
1166 1197 1315 1280 quoniam
1338 1215 1340 1218 ·

156 1293 225 1376 his,
246 1309 328 1382 quae
346 1319 458 1362 manca
472 1320 543 1362 esso
557 1296 861 1377 demonstrabimus,
882 1297 961 1362 nihil
979 1295 1093 1364 salutis
1113 1318 1132 1360 a
1151 1293 1313 1360 codicibus

158 1397 305 1478 allmtnr,
318 1398 452 1464 lacunae
472 1405 580 1463 autem
597 1421 669 1470 non
680 1406 800 1485 queunt
816 1401 879 1464 nisi
897 1399 1043 1464 codicum
1065 1418 1127 1481 ope
1147 1399 1312 1463 resarciri:

156 1501 235 1562 satis
256 1499 349 1564 nobis
371 1503 433 1565 crit
451 1522 491 1564 ea
506 1501 665 1568 iudicasse
685 1523 766 1588 quae
783 1521 878 1566 nemo
898 1501 972 1567 dum
989 1502 1023 1564 iu
1039 1496 1313 1569 hoclocovitiosa
1372 1535 1374 1540 ·

157 1623 230 1664 esse
243 1603 343 1666 vidit:
366 1601 439 1668 hinc
451 1603 536 1666 enim
551 1603 584 1664 iu
601 1608 820 1686 argumentum
836 1605 936 1666 totius
957 1602 1112 1666 orationis
1135 1601 1313 1664 accuratius

155 1703 410 1787 perspiciendum
432 1703 735 1789 dispositionemque
761 1706 879 1768 rectius
901 1699 1142 1769 describendam
1169 1695 1312 1785 aliquan·

102 1861 106 1866 ,
156 1809 224 1866 tum
240 1803 447 1870 emolumenti
458 1805 705 1870 redundaturum
719 1825 790 1870 esse
805 1808 1037 1870 existimamus.
1058 1801 1164 1887 Atque
1177 1803 1314 1886 primum

157 1904 284 1987 quidem
298 1913 406 1970 orator
418 1917 530 1971 contra
544 1907 631 1990 leges
645 1905 727 1970 hanc
739 1929 883 1973 caussam
897 1904 1067 1992 capitalem
1083 1902 1145 1968 sibi
1157 1905 1314 1968 intentam

156 2027 238 2084 esse
258 2008 400 2072 ostendit
422 2010 497 2073 inde
518 2031 537 2072 a
562 2014 591 2088 ξ.
606 2013 636 2071 8.
658 2029 695 2092 p.
682 2011 781 2072 .706.
804 2011 971 2096 πρότονοι
958 2004 1019 2090 μὲν
1040 1996 1115 2085 οὖν,
1136 1997 1183 2081 dr
1200 2023 1313 2090 παρα

154 2099 330 2189 νομιότατα
343 2132 401 2176 και
392 2102 637 2194 βιαιότατα
608 2131 658 2185 εις
670 2105 818 2175 τόνδε
781 2131 839 2174 τον
856 2099 970 2195 όγιῢνα
984 2104 1195 2193 καθέστηκα,
1214 2104 1313 2170 τοῦτο

153 2198 242 2288 ὑμᾶς
263 2207 387 2286 διδάξω
409 2235 439 2275 κ.
451 2209 524 2276 τ..λ
531 2232 664 2296 ,nsque
678 2211 767 2288 ad§.
785 2215 834 2282 18.
855 2209 995 2294 Legatos
1014 2230 1106 2274 emm
1112 2202 1313 2290 capitalibus,

156 2327 236 2390 quas
249 2310 483 2392 antiquissimas
493 2309 687 2395 reipublicae
698 2313 978 2396 severissimasque
992 2331 1067 2374 esse
1075 2311 1313 2384 commonstrat,

157 2409 266 2496 caveri¹
284 2427 325 2470 ne
349 2410 495 2492 cuiquam
516 2411 579 2472 nisi
601 2405 791 2495 κακούργῳ,
813 2413 868 2494 qui
891 2409 1080 2488 vocabatur,
1107 2403 1314 2490 adhiberetur

156 2497 336 2594 ἆνιαγωγή,
358 2530 395 2572 se
420 2516 527 2575 autern
547 2529 650 2595 neque
669 2507 773 2574 larem
789 2531 893 2596 neque
913 2515 1127 2595 grassatorem
1141 2528 1243 2592 neque
1262 2527 1314 2575 sa·
1378 2574 1380 2576 ,

157 2608 310 2694 crilegum
325 2630 428 2694 neque
442 2611 638 2695 proditorem
660 2629 748 2674 esse:
769 2611 884 2674 deinde
897 2610 961 2675 sibi
977 2612 1232 2674 aestimationem
1244 2607 1313 2672 litis

155 2711 352 2798 propositam
377 2733 467 2792 esse,
497 2734 569 2776 cum
592 2713 654 2776 ‘leuc
680 2733 901 2798 percussorem
930 2709 1067 2776 interfici
1092 2708 1217 2775 iubeat:
1243 2717 1313 2776 tum

154 2822 265 2889 contra
287 2834 381 2894 quam
404 2805 755 2896 legibusconstitutum
777 2815 821 2877 sit
848 2812 907 2878 sub
930 2813 1003 2878 divo
1024 2835 1088 2877 non
1109 2813 1172 2878 dici
1194 2811 1313 2878 hancce

155 2935 300 2978 caussam
316 2913 502 2998 capitalem,
523 2937 627 3001 neque
641 2921 783 2981 actorem
795 2907 1012 2980 iusiurandum
1024 2915 1225 3002 praestitisse
1241 2934 1314 3002 gra·

155 3017 321 3101 vissimum
346 3013 428 3104 illud
451 3018 485 3078 in
513 3018 635 3079 caussis
661 3013 815 3103 φονικαῖς
839 3014 1038 3100 legitimum,
1064 3037 1168 3100 neque
1191 3017 1314 3080 iuratos

154 3123 257 3182 testes
279 3122 415 3196 citasse,
437 3101 572 3204 deniqne
593 3114 628 3180 se
648 3116 681 3179 in
702 3114 829 3179 vincula
850 3138 922 3180 esse
946 3119 1142 3195 coniectum,
1169 3118 1313 3201 quamvis

153 3219 490 3302 'vadespraestitis'set
532 3215 635 3281 Vides
647 3219 762 3302 igitur,
785 3215 868 3281 hunc
882 3217 987 3283 locum
1001 3223 1104 3280 totum
1125 3237 1197 3280 esse
1213 3220 1245 3280 in
1265 3215 1312 3280 le·

154 3319 258 3402 ‘gibus
299 3317 353 3382 Ex
381 3317 493 3404 quibus
522 3328 692 3404 postquam
719 3321 834 3384 iniuria
864 3319 925 3385 sibi
953 3323 1109 3384 intentam
1128 3317 1221 3382 litem
1240 3303 1313 3382 esse

155 3419 279 3500 effecit,
301 3421 451 3504 adipsius
462 3421 510 3482 rei
524 3421 738 3484 narrationem
753 3443 789 3484 se
805 3428 993 3486 convertens
1007 3421 1177 3484 ostendere
1194 3407 1313 3500 studet,

155 3533 214 3600 se,
240 3522 389 3585 etiamsi
417 3516 461 3583 τδ
493 3515 658 3586 δίκαιον
686 3528 720 3585 et
748 3522 794 3587 τδ
820 3518 930 3600 εἰκός
954 3527 1135 3606 spectetur,
1153 3523 1313 3586 insontem

156 3641 239 3684 esse.
281 3619 371 3693 Hanc
396 3641 465 3684 rem
488 3623 534 3684 ita
556 3643 591 3684 se
613 3621 733 3686 habere
755 3623 891 3710 ideoque
913 3622 1046 3687 alteram
1065 3622 1139 3686 inde
1167 3621 1313 3688 averbis

156 3725 254 3802 §.19,
278 3720 317 3783 de
331 3721 443 3805 quibus
457 3726 653 3809 quaerimus,
674 3730 746 3808 part
748 3746 799 3788 cm
813 3726 927 3804 ordiri,
949 3743 1018 3788 cum
1035 3727 1142 3788 omnia
1164 3745 1245 3810 quae
1252 3735 1312 3788 'se-
1341 3709 1344 3714 ¹

156 3828 255 3910 quant
256 3843 293 3884 ur
314 3820 444 3904 planum
468 3823 606 3904 faciunt,
574 3831 700 3888 ttum
729 3832 840 3910 aperta
860 3823 1023 3889 declarant
1044 3827 1179 3888 oratoris
1203 3823 1312 3906 verba,

153 3923 354 4002 νε1ιι11825.
368 3927 478 4007 ρ.717.
490 3922 605 4008 τὰμὲν
618 3917 988 4010 γενόμεναταῦτέστίν.
1009 3921 1045 3990 ἐκ
1060 3922 1097 3992 δὲ
1108 3920 1233 3992 τούτων
1247 3915 1312 4014 ἤδη

153 4027 309 4091 σκοποῖτο
321 4019 362 4088 τό
376 4018 502 4103 εἰκότα,
519 4034 554 4090 et
568 4031 597 4104 ξ.
608 4032 661 4092 43.
669 4030 778 4111 pras.
793 4021 904 4092 καίτοι
915 4021 954 4094 τό
968 4021 1056 4102 εἰκός
1069 4019 1314 4110 σόμμαχόνμοό

155 4123 252 4204 ἐστιν,
270 4132 306 4189 ot
319 4129 349 4204 ς.
363 4127 415 4188 45.
432 4131 514 4188 extr.
528 4147 560 4209 p.
572 4131 643 4191 726.
656 4131 759 4194 ταῦτα
776 4129 849 4206 ττιῦς
864 4123 992 4204 εἰκότα,
1015 4115 1043 4190 τό
1060 4115 1190 4214 droca,
1213 4123 1312 4207 ε’στίν,

154 4227 370 4314 imprimisque
379 4229 581 4310 §.sapsas
594 4233 747 4298 σκοπεῖτε
758 4228 807 4309 δὲ,
821 4218 987 4316 ditiora,
994 4222 1056 4290 καὶ
1067 4223 1104 4292 ἐκ
1117 4229 1188 4293 τοῖν
1198 4225 1312 4314 λόγοιν

154 4329 225 4394 τοῖν
246 4320 381 4417 ἀνδροῖν
401 4321 572 4414 ἑκατέροιν
592 4333 662 4397 τοῖν
680 4327 956 4414 βασανισθέντων
971 4325 1024 4414 τό
1048 4322 1216 4405 δίκαιον
1243 4322 1313 4390 καὶ
