3044 4986
129 417 294 502 positum,
316 425 351 479 nt
372 411 510 477 dubitari
530 435 594 477 non
617 415 720 500 pessit
741 414 816 499 quin
840 411 874 476 id
893 411 977 498 quod
1000 413 1034 478 in
1056 413 1185 498 optimis
1207 411 1297 476 libris
1381 444 1388 460 x

129 517 397 604 (ubglmoprp
421 528 487 596 est,
515 511 567 592 τίς
594 514 659 604 γὰρ
686 509 781 596 ὑμῶν
810 504 849 578 οὐ
872 509 1010 578 πώποτε
1031 513 1100 580 κτλ.
1125 517 1194 578 iure
1216 517 1257 581 sit
1276 535 1297 576 e

128 618 259 683 Bromio
275 620 461 703 repositum.
490 614 541 679 Cf.
560 621 629 680 185.
650 618 687 678 11.
704 615 911 680 151.·111.·46.
941 612 1007 678 Sed
1020 617 1122 680 meior
1134 626 1184 678 est
1198 613 1298 679 ultera

96 789 99 794 ,
131 721 288 799 offensio,
303 740 396 805 quem
408 717 505 781 hebet
518 719 552 780 in
566 707 772 803 sequentibus
788 713 895 779 verbis
911 713 996 778 mele
1010 718 1144 799 repetita
1157 719 1295 799 negatio.

129 818 215 884 Nem
235 823 262 883 si
275 840 426 905 usquam,
448 818 509 882 hoe
524 817 596 883 loco
610 839 719 882 verum
737 827 786 879 est
801 814 881 879 illud
895 813 1046 878 Lueirmi:
1069 811 1105 880 ui
1125 814 1185 882 δύο
1207 808 1297 883 οἷαο-

132 918 254 1011 queneto
271 915 353 1006 μίαν
366 913 556 1009 κατάφασιν
569 907 786 995 ἀποτελοῦσι,
807 913 1062 1000 Aeschinesque,
1084 917 1112 979 si
1129 911 1179 993 τίς
1200 909 1240 982 ori
1254 956 1295 967 -

131 1019 315 1110 περιτυχών
342 1013 402 1087 οὐκ
431 1012 588 1108 ἠχθέσθη
610 1018 753 1102 scripsit,
789 1019 978 1080 eontrarium
1006 1016 1088 1080 dixit
1115 1019 1183 1080 eius
1211 1021 1296 1102 quod

131 1125 236 1186 dicere
251 1119 413 1202 voluerat,
435 1125 594 1186 neminem
611 1120 807 1203 indignatum
827 1117 944 1206 fuisse,
963 1139 1028 1181 non
1045 1116 1137 1182 eliter
1157 1141 1250 1203 quam
1269 1123 1297 1184 si

129 1214 191 1312 ἄρ’
211 1216 251 1290 οὐ
265 1219 399 1302 ,πάντες
427 1217 522 1307 ὑμεῖς
550 1213 615 1288 οὐκ.
635 1212 827 1306 ἦχθέσθητο
861 1220 1021 1282 dixisset·
1055 1217 1101 1282 At
1119 1221 1206 1282 enim
1222 1229 1301 1304 poet

129 1329 302 1388 interiectu
327 1330 474 1408 negatio,
504 1345 544 1388 ne
565 1329 601 1386 τίι
625 1319 810 1384 oblivionem
839 1322 951 1400 cudat,
979 1341 1046 1384 οιιιο
1071 1325 1105 1384 οι·
1130 1325 1296 1404 repetitur.

128 1425 301 1506 Audirem,
323 1426 419 1491 modo
437 1425 468 1488 h.
490 1424 513 1488 l.
535 1436 567 1487 et
588 1424 752 1487 interiectu
766 1435 873 1485 essent
885 1444 965 1508 quae
979 1420 1173 1485 oblivionem
1191 1421 1297 1486 faeere
1379 1432 1382 1441 “

129 1530 308 1612 negationis
332 1534 495 1614 poterent,
523 1536 556 1589 et
584 1526 632 1588 vis
654 1521 722 1586 ulla
742 1524 776 1587 in
796 1521 857 1586 hae
881 1525 1024 1586 oratione
1052 1525 1295 1607 conspiceretur.

131 1626 271 1694 Omnino
295 1650 389 1714 quern
409 1627 502 1693 nobis
521 1625 667 1690 Bremiur
685 1626 907 1709 repetitionem
920 1613 1118 1708 negationis,
1137 1623 1224 1690 Ιισιιιί
1238 1627 1296 1690 ud·

128 1731 251 1796 modum
280 1751 388 1800 rorum
414 1729 504 1794 illem
534 1726 622 1810 opud
652 1723 794 1789 Graecos
814 1745 915 1809 neque
933 1723 1087 1790 Aeecbr'oe‘
1104 1729 1297 1807 inusitatum,

129 1833 289 1911 venditet,
317 1831 434 1895 nullius
456 1832 550 1916 pretii
569 1849 641 1892 esse
667 1827 764 1905 duno,
800 1826 922 1906 donee,
956 1824 1070 1912 quibus
1092 1824 1217 1911 legibus
1239 1828 1297 1893 illa

94 1937 98 1946 '
130 1935 309 2017 negationis
318 1931 519 2017 'repetendae
533 1928 633 1993 libido
645 1930 880 2013 circumscripte
894 1929 935 1992 sit
951 1940 984 1990 et
995 1925 1135 2006 definita,
1151 1942 1297 1994 accurate

132 2033 381 2097 demonstratum
396 2034 464 2096 erit.
495 2029 588 2095 Nuno
600 2043 706 2094 eutem
721 2028 841 2113 (adhue
855 2032 940 2092 enim
955 2031 1057 2092 omnis
1066 2026 1146 2092 haee
1155 2029 1298 2096 doctriua

131 2135 239 2198 densis
259 2133 401 2200 involuta
415 2132 562 2198 tenebris
582 2132 676 2213 lutet)
698 2130 759 2194 hoe
784 2151 884 2194 uuum
904 2143 1023 2194 eertum
1042 2142 1106 2208 est,
1125 2135 1227 2216 repeti
1240 2153 1297 2196 ne·
1383 2199 1385 2206 s

131 2235 277 2320 gatioues
296 2236 409 2300 eadem
429 2233 519 2319 lege,
541 2256 604 2315 qua
622 2231 778 2318 particula
797 2224 839 2297 ίίν
859 2230 960 2311 solet,
982 2233 1056 2316 quie
1072 2233 1229 2296 sententie
1241 2255 1298 2296 ne·

131 2357 212 2418 gans
234 2337 378 2398 naturam
392 2357 490 2398 vsuum
511 2357 583 2398 eum
602 2332 736 2416 singulis
754 2330 930 2416 quibusque
952 2329 1096 2414 partibus
1119 2333 1185 2394 suis
1200 2336 1297 2414 parti-

133 2435 234 2518 cipat,
256 2435 314 2496 sed
325 2432 386 2496 hoo
402 2434 598 2511 discrimine,
620 2433 704 2516 quod
718 2425 759 2497 ἂν
771 2434 868 2494 etiem
882 2443 955 2494 ente
971 2429 1103 2494 verbum
1119 2422 1206 2515 (εἶτα
1228 2435 1297 2524 πῦρ

133 2527 176 2600 eir
196 2525 256 2598 οὐκ
277 2526 319 2600 ἂν
338 2524 413 2622 ἧν),
442 2532 591 2619 negativa
612 2544 718 2596 nutem
735 2543 809 2616 post
823 2529 955 2596 verbum
968 2544 1023 2596 aut
1040 2545 1123 2598 oerte
1138 2547 1212 2618 post
1225 2558 1298 2602 eam

132 2637 354 2718 negotionem,
382 2657 463 2720 quae
486 2635 529 2698 ad
549 2620 681 2698 verbum
701 2655 727 2696 s.
741 2633 958 2718 praedicatum
977 2635 997 2696 i.
1013 2656 1041 2696 e.
1058 2635 1101 2698 ed,
1113 2647 1211 2700 totum
1225 2655 1298 2703 sen-

133 2739 265 2800 tentium
278 2740 431 2820 pertinet,
451 2737 614 2821 repetitur.
636 2733 746 2820 ltaque
762 2733 843 2799 haee
856 2735 935 2798 duo:
959 2725 1019 2800 οὐκ
1035 2731 1180 2824 ἐποίησα
1202 2730 1300 2806 οὐδὲν

133 2834 235 2904 κακὸν
260 2849 292 2900 et
320 2827 417 2902 οὐδὲν
437 2832 540 2916 κακὰν
563 2828 623 2902 οὐκ
645 2831 806 2923 ἐποίησα,
843 2837 926 2900 inter
949 2837 1020 2920 ipse
1039 2840 1197 2903 conuerie
1214 2851 1297 2904 sunt

134 2937 185 3002 cf.
199 2941 249 3002 lll.
270 2941 339 3000 198.
361 2923 408 3001 ὧν
421 2927 497 3002 οῖίτε
516 2929 652 3022 αἰτῆσαι
672 2929 770 3003 οὐδὲν
790 2927 1013 3004 ὅσιονόὗιλενὶ
1026 2927 1099 3004 οὔτ’
1118 2931 1298 3027 αἰτηθέντα

133 3033 234 3128 ἑτέρῳ
258 3039 385 3107 δοῦναι.
422 3034 520 3102 Recte
530 3059 608 3100 vero
624 3039 721 3101 etiam
736 3037 832 3117 haee,
852 3038 911 3103 sed
927 3042 997 3103 sine
1012 3038 1079 3104 ulle
1094 3042 1126 3102 vi
1139 3041 1297 3108 dieunturt

133 3133 211 3206 ἀλλ’
233 3131 293 3206 οὐκ
320 3135 527 3206 ἐκεῖνοντὸν
552 3136 588 3204 ἐν
614 3140 657 3227 τῇ
686 3133 844 3226 ἐκκλησίᾳ
857 3129 1106 3226 ,ιοῖναρρηθὲντα
1134 3139 1299 3227 στέφανον

38 3247 41 3254 “
135 3232 244 3336 οὐδείς
278 3241 452 3328 καθιεροῖ,
496 3232 571 3305 ἀλλ’
590 3233 699 3326 Ιἔξεστι
732 3241 917 3327 κεκτῆσθαι
942 3243 993 3304 111.
1016 3245 1068 3304 47.
1111 3241 1132 3304 i.
1158 3261 1186 3304 e.
1219 3234 1298 3309 οὐδὲ

135 3337 258 3408 ἐκεῖνον
274 3379 313 3388 -
327 3333 437 3418 οὐδεὶς
456 3344 616 3430 καθιεροῖ
631 3366 675 3402 ::
696 3333 777 3406 ιῖλλ>
792 3333 831 3407 οὐ
850 3342 1008 3427 καθιεροῖ
1028 3332 1137 3417 οὐδεὶς
1158 3338 1296 3419 testeam

136 3461 211 3508 num
221 3439 282 3504 ul.
297 3446 456 3509 contraria
467 3455 542 3506 suut
554 3445 712 3530 καθιεροῖ
723 3455 755 3505 et
766 3437 872 3520 ἔξεστι
884 3445 1075 3527 κεκτῆσθαι,
1097 3463 1160 3506 non
1174 3430 1298 3511 e'xeivov

136 3538 195 3608 τὸν
216 3561 264 3606 στ.
286 3557 318 3611 et
337 3540 395 3610 τὸν
413 3540 603 3626 ξενικὸνστ.
625 3542 725 3607 Porro
741 3533 779 3620 ὃς
794 3535 870 3608 οὐδ’
882 3535 925 3608 tv
945 3534 1034 3608 ἄκων
1055 3534 1182 3629 ἀληθὲς
1199 3536 1297 3611 οὐδὲν

137 3637 233 3710 εἴποι
249 3644 287 3708 Π.
307 3649 376 3710 153.
408 3642 492 3710 Nem
506 3646 633 3730 negatio
645 3667 728 3730 quoe
743 3646 841 3710 estin
853 3636 933 3710 οὐδὲ
947 3643 988 3706 nd
1003 3641 1136 3708 verbum
1149 3648 1296 3728 pertinet.

136 3743 285 3828 Denique
313 3739 343 3810 ὅ
360 3743 424 3836 γὰρ
450 3741 642 3830 μισότεκνος
664 3743 723 3812 καὶ
748 3743 860 3834 πατὴρ
887 3740 1034 3833 πονηρὸς
1060 3736 1121 3810 οὐκ
1146 3735 1187 3810 ίίν
1206 3763 1298 3814 ’ποτε

136 3845 264 3931 γένοιτο
286 3843 480 3932 δημαγωγὸς
495 3840 652 3936 χρηστός,
676 3839 754 3914 οὐδὲ
773 3839 792 3912 ὁ
808 3843 850 3912 τὰ
868 3841 1013 3932 φίλτατα
1032 3840 1091 3910 καί
1110 3839 1298 3914 οἰκειότατοι

138 3944 277 4028 σώματα
296 3943 343 4032 μή
372 3947 514 4034 στέργων
538 3940 705 4014 οιῖθοίιοθ)Ι
718 3941 805 4032 ὑμᾶς
832 3942 912 4034 περὶ
938 3940 1094 4024 πλείονος
1120 3942 1298 4033 ποιήσεται

137 4043 215 4122 τούς
235 4038 445 4134 ἀλλοτρίους,
468 4042 548 4117 οὐδέ
565 4071 601 4136 pe
622 4043 641 4116 ὁ
661 4044 733 4136 ἰδίᾳ
752 4044 899 4137 πονηρὸς
918 4039 989 4114 οὐκ
1010 4038 1052 4114 ῖίν
1065 4069 1149 4114 ποτε
1169 4047 1297 4134 γένοιτο

139 4142 284 4234 δημοσίᾳ
302 4142 459 4236 χρηστός,
487 4142 560 4216 οὐδ’
575 4146 667 4230 ὅστις
687 4147 774 4218 ἐστὶν
794 4143 886 4215 οῖ’κοι
902 4147 1046 4237 φαῦλος,
1078 4141 1240 4216 οὐδέποτ’
1256 4142 1297 4237 ἦν

138 4244 174 4312 ἐν
193 4243 392 4338 Μακοόονίᾳ
416 4244 502 4314 κατὰ
522 4248 581 4337 τήν
601 4247 783 4340 πρεσβείαν
807 4247 915 4329 κοιλὰς,
933 4239 1085 4335 κοῖγαθός
1101 4252 1151 4313 ΠΙ.
1167 4257 1218 4332 78,
1241 4249 1297 4316 ubi

138 4349 223 4433 quod
244 4351 336 4418 tertio
356 4348 429 4416 loeo
451 4347 605 4434 habetur,
623 4345 695 4418 ,οὐκ
719 4343 762 4421 ἷίν
786 4372 889 4432 ποτε,
914 4352 977 4417 nisi
998 4371 1057 4436 pro
1082 4343 1298 4419 οὐδέποτ’ίῖν
