3026 4992
114 398 184 464 sqq
210 385 302 444 actor
319 379 403 446 inde
430 373 502 445 vult
529 368 684 462 prodere,
713 397 804 442 snam
829 379 940 460 potius
965 375 1044 444 esse
1063 375 1275 447 Hereditatem

117 479 211 566 quam
233 482 495 561 adversariorum,
523 480 609 568 quod
628 481 762 544 istorum
781 478 886 557 bona,
907 481 937 544 si
958 482 1188 560 decessissent,
1209 503 1275 548 non

117 581 160 645 ad
180 580 400 664 Cleonymum,
420 583 480 646 sed
499 582 541 644 ad
560 584 701 663 ipsorum
721 574 841 644 liberos
860 576 1090 664 pervenissent,
1108 603 1166 646 sua
1185 605 1274 664 vero,·

117 685 202 766 quod
221 689 289 766 spec
309 683 419 748 libeni
440 692 566 762 careat,
591 683 775 763 potuissent
801 682 843 744 ad
863 675 1071 762 Cleonymum
1098 687 1274 764 pervenires
1311 711 1322 732 ι

119 781 193 857 Quo
216 793 403 868 argumento
425 783 585 872 quidnam,
602 803 733 867 quaeso,
753 785 859 863 potnit
880 785 1075 865 excogitari,
1103 801 1167 847 non
1189 785 1277 870 quod

117 887 221 957 miuus
247 888 386 967 iuvaret,
417 887 476 950 sed
505 884 590 972 quod
616 884 718 967 magis
742 881 894 947 noceretl
941 879 1025 946 Nam
1052 885 1198 964 prolecto
1232 887 1276 958 ad

118 984 198 1048 talia
217 989 270 1071 qui
291 988 436 1072 confugit
455 990 524 1068 ipse
547 1003 692 1049 cerussam
713 1005 802 1048 suam
833 984 939 1048 reddit
958 993 1151 1066 suspectam.
1191 979 1275 1054 ltcrrr

118 1085 227 1165 inepta
253 1083 470 1168 superlatione
500 1094 671 1164 estuans,
708 1085 793 1170 qnod
822 1084 862 1147 de
893 1083 1004 1168 Pyrrhi
1032 1084 1140 1149 hered.
1171 1087 1199 1166 ᾖ.
1222 1093 1273 1152 34.

117 1195 242 1268 patrem
266 1191 537 1269 commemoravit,
556 1209 650 1272 quem
672 1183 754 1249 bene
777 1184 885 1250 docuit
911 1185 1151 1250 Schoemannus
1180 1190 1277 1253 omit-⁵

117 1287 249 1352 tendum
276 1287 386 1352 luisse.
436 1287 542 1363 Quem
568 1287 676 1353 locrurr
705 1287 734 1352 si
762 1287 810 1350 sic
838 1309 909 1350 cum
936 1285 1159 1352 Schoernanno
1192 1287 1293 1354 velis'

118 1384 301 1467 defendere,
321 1397 357 1458 ut
372 1387 572 1454 auditoribus
593 1390 762 1468 duntaxat,
781 1409 847 1452 non
866 1386 1043 1452 lectoribus·
1061 1386 1141 1452 talia
1155 1391 1277 1471 scripta

119 1488 228 1569 dicas,
247 1491 323 1553 vide
342 1492 417 1576 quid
434 1513 521 1576 agas.
563 1490 692 1556 Etenim
709 1489 782 1573 plus
796 1489 990 1554 incommodi
1009 1489 1102 1552 affert
1117 1492 1279 1560 eiusmodi

119 1590 292 1674 superlatio
310 1591 530 1657 animadversa
550 1615 571 1657 a
589 1589 749 1656 iudicibus
767 1611 860 1678 quam
886 1611 951 1654 non
972 1591 1191 1656 animadversa
1212 1598 1278 1660 uti-o

45 1691 55 1698 ’
117 1687 231 1755 litatis.
278 1691 380 1757 Porro
407 1695 451 1757 de
473 1693 725 1760 Philoctemonis
745 1693 924 1770 hereditate
949 1694 979 1770 ξ.
997 1691 1048 1756 m.
1072 1693 1155 1758 miro
1176 1697 1276 1762 modo

118 1792 165 1854 sic
186 1787 336 1878 loquitur,
358 1797 449 1879 quasi
466 1793 729 1874 Philoctemonis,
747 1815 812 1859 non
830 1793 1039 1857 Euctemonis
1056 1791 1143 1857 bona
1163 1804 1278 1876 petam

35 1935 41 1945 -
118 1898 171 1954 tur
196 1891 236 1956 eb
264 1895 465 1960 adversariis.
508 1895 563 1961 vDc
591 1895 769 1961 Nicostrati
794 1893 975 1958 hereditate
1005 1911 1080 1958 vcro
1108 1898 1180 1974 §.2
1205 1917 1274 1984 sqq.
1374 1965 1377 1971 f

117 2013 200 2074 pene
221 1992 353 2060 rabulae
375 1998 477 2062 instar
497 2001 772 2083 disputat,·quem
792 1996 898 2060 locum
920 1997 1017 2059 animi
1044 2017 1156 2060 caussa
1178 2001 1280 2062 aseri-

119 2092 202 2159 bam.
237 2091 365 2182 Ἅγνων
383 2099 450 2182 μὲν
465 2096 529 2189 γάρ
551 2094 662 2167 οὑτοσί
682 2096 740 2164 καί
755 2092 935 2184 §dyadema
958 2094 1178 2185 Θρασυμάχου
1198 2097 1277 2166 ἕπε-

118 2192 294 2288 γράψαντο
321 2194 379 2264 τόν
415 2195 660 2288 Νικόστρατον,
701 2197 759 2267 καί
796 2193 932 2275 ἑαυτοὺς
966 2191 1080 2282 ἐκείνῳ
1115 2190 1283 2287 deauranda,

119 2290 356 2386 ciaopac'vovoc,
379 2294 436 2362 καί
456 2297 582 2365 τούτων
598 2297 769 2389 μάρτυρας
790 2298 1008 2386 παρέχονται·
1026 2303 1069 2378 (ᾖ.
1081 2301 1123 2381 3.)
1145 2298 1278 2385 Χαριά·
1345 2301 1348 2308 “

120 2397 183 2485 ’δρς
201 2396 239 2462 dd
261 2393 317 2460 καί
344 2392 378 2462 oi
403 2397 626 2484 συνδικοῦντας
655 2392 748 2484 αὐτῷ
772 2395 920 2485 Σμίκρου
945 2395 1007 2480 μὲν
1033 2393 1161 2486 πατρός
1189 2389 1277 2464 εἷναί

120 2518 208 2582 φασι
225 2494 283 2563 τὸν
295 2494 535 2586 Νικόστρατον,
556 2489 822 2618 άμφισβρτοῦσι
825 2493 863 2560 dd
880 2497 940 2560 τοῦ
965 2490 1182 2618 Θρασυμάχου
1201 2494 1279 2566 olori

120 2595 260 2720 κλόρορ.
251 2621 337 2663 ,και
328 2595 426 2664 ol'dc
444 2594 506 2680 μὲν
532 2592 609 2666 οὐδὲ
630 2599 897 2688 προσποιοῦνται
914 2592 1040 2664 ἐκείνου
1065 2601 1126 2664 τοῦ
1152 2591 1279 2681 όνόγια
1315 2672 1318 2679 ,

119 2723 177 2779 τος
198 2691 273 2766 oilae
292 2696 481 2786 paparionem
500 2691 574 2766 οὔτε
593 2697 774 2789 προσίασιν
795 2692 924 2776 αὖτοῒς·
941 2695 1026 2786 φασί
1039 2723 1102 2781 μεν
1120 2691 1177 2766 σόν
1191 2692 1282 2771 εἶναι

124 2799 346 2890 Θρασυμάχου
367 2793 610 2890 Νικόστρατον,
640 2799 755 2867 τούτου
777 2795 852 2866 dd
837 2795 962 2882 ομοίως
988 2801 1046 2886 τῆς
1071 2779 1188 2880 οὐσίας
1210 2794 1278 2885 άμ
1296 2871 1299 2879 ,

120 2903 331 2990 ιγισβητοῦσι.
360 2902 409 2981 (ξ.
422 2903 474 2984 4.)
505 2901 563 2968 καὶ
589 2897 620 2967 ei
642 2898 703 2983 μὲν
728 2899 767 2968 τό
798 2893 902 3023 όνορια
928 2897 1102 2988 πατρόθεν
1126 2899 1165 2968 τό
1194 2896 1278 2971 αὐτο

119 2991 361 3089 ὡμολόγουν
330 3025 417 3067 ειναι
436 3003 495 3067 τοῦ
515 2997 764 3090 Νικοστράτου,
788 3025 867 3091 περι
858 3000 924 3068 dd
944 3005 1002 3067 τοῦ
1023 2999 1146 3090 κλρρου
1171 3003 1280 3085 μόνου

120 3102 323 3194 διεφέροντο,
332 3094 465 3170 οὐδὲν
441 3128 483 3169 αν
495 3095 657 3186 &decipulo
671 3099 869 3191 σκέψασθαι
883 3093 999 3165 ἀλλ”
963 3125 993 3166 ει
1008 3125 1041 3165 τι
1054 3102 1281 3170 άιέθετοέκεῒα

119 3227 176 3283 νος
189 3200 453 3294 άΝικόστρατσς,
474 3193 513 3270 liv
524 3195 712 3293 άμφότεροι
732 3197 938 3288 ὡμολόγουν·
961 3203 1017 3270 νῦν
1034 3199 1071 3267 δὲ
1085 3205 1160 3287 πῶς
1173 3194 1280 3271 οἷόντε

119 3328 168 3390 τῳ
152 3298 280 3395 άνόρί
299 3305 359 3427 dcip
378 3303 527 3395 πατέρας
547 3302 822 3398 επιγράψασθαις
843 3305 942 3370 τοῦτο
961 3323 1024 3390 γαρ
1032 3302 1280 3392 Χαριαδηςπε

123 3400 281 3492 ποίρκεν·
307 3399 407 3484 αότός
427 3430 462 3472 τι
482 3403 547 3494 γάρ
573 3400 670 3488 ἔλαχε
690 3409 748 3471 τοῦ
768 3403 914 3492 Σμίκρου
936 3401 1176 3492 Νικοστράτου,
1196 3406 1279 3471 aori-¹

123 3527 195 3582 τοις
232 3504 268 3570 δὲ
300 3508 359 3574 τοῦ
397 3502 619 3596 Θρασυμάχου
630 3555 633 3559 „
654 3506 792 3587 λαχοῦσι
830 3502 1125 3592 παρακατέβαλσνΐ
1143 3499 1188 3584 ὡς
1221 3504 1283 3575 τόν

93 3602 104 3626 ”
125 3599 228 3674 αὐτόν
248 3597 336 3672 iimo.
387 3607 474 3674 Toto
500 3610 584 3674 enirn
606 3607 765 3673 hocloco
790 3609 922 3680 mutatis
950 3607 1109 3670 mutandis
1131 3609 1283 3673 aduersa-2

122 3711 163 3774 rii
184 3710 280 3771 etiam
302 3710 347 3770 uti
366 3717 548 3794 potuerunt.
590 3709 636 3774 At
657 3731 735 3773 vero
762 3707 812 3771 lris
833 3705 1033 3792 fallaciarum
1054 3706 1183 3794 laqueis·
1197 3711 1279 3774 iudi·

124 3832 179 3876 ces
199 3811 262 3872 nisi
289 3807 342 3871 vel
368 3832 479 3894 parum
507 3814 622 3876 attenti
652 3811 704 3876 vel
731 3809 901 3874 admodum
929 3809 1068 3890 imperiti
1089 3811 1207 3930 decipi
1221 3815 1279 3876 vii<

122 3917 316 4000 potueruut3·
335 3930 395 3972 nec
415 3913 561 3977 videntur
582 3912 684 3978 Attici
705 3911 755 3976 his
774 3929 1001 3994 saepenumero
1025 3909 1207 3995 decepti,
1182 3914 1280 3998 siqui·

124 4015 197 4079 clem
216 4011 327 4076 Isaeus
348 4033 383 4074 re
405 4031 480 4076 vera
503 4025 670 4138 susspectus
690 4017 769 4100 ipsis
790 4013 851 4076 luit
872 4017 988 4072 orator.

204 4113 286 4179 ibid.
308 4117 336 4193 ᾗ.
357 4117 408 4177 60.
437 4107 513 4182 ὅσοι
531 4139 592 4197 μεν
612 4099 824 4184 καταλίπωσι
846 4106 1003 4198 γνησίους
1018 4111 1143 4190 παῖδας
1163 4111 1201 4191 ἐξ
1220 4108 1308 4180 ocri-¹

121 4215 210 4293 τάν.
227 4208 267 4282 οὐ
289 4211 454 4305 προσήκει
474 4214 590 4284 παισὶν
608 4214 877 4286 ἐπιδικάσασθαι
905 4213 971 4276 τῶν
992 4211 1174 4300 πατρῴων·
1204 4209 1281 4280 ὅσοι

123 4314 163 4382 δὲ
181 4313 361 4404 διαθήκαις
374 4307 472 4387 αὐτοὶ
491 4309 880 4400 cancerauma-mdccc
898 4309 1163 4394 ἐπιδικάζεσθαι.
1174 4335 1282 4402 προο-
