3026 4992
682 223 1064 305 ...86-,.

244 399 347 461 dicam
369 400 624 486 extorquendas,
651 399 765 486 quibus
792 401 989 487 suspiciones
1018 397 1095 465 olirn
1120 397 1222 472 iactas
1240 421 1399 482 amovere,

244 497 342 563 verba
359 501 478 565 tradita
505 523 693 566 conservare
718 501 869 587 religiose
897 504 1000 588 magis
1028 523 1122 588 quam
1142 523 1218 565 vere
1239 501 1399 567 studeant.

246 599 344 675 Quod
370 602 498 683 quidem
526 602 567 666 ad
595 601 771 688 permultos
800 602 1008 688 Antiphontis
1036 602 1125 668 locos
1152 624 1217 668 non
1242 608 1401 688 pertinere

242 699 341 766 facile
363 705 502 768 sentient
524 705 580 792 qui
602 710 678 769 sunt
690 702 743 768 vel
761 705 902 768 maxime
913 729 915 738 ’
926 703 1063 792 creduli,
1084 705 1180 769 modo
1197 703 1270 769 illas
1286 712 1402 774 oratio·

246 822 304 866 nes
322 805 448 886 penitus
469 802 610 869 babeant
636 808 781 890 cognitas
807 807 932 891 sintque
952 807 1080 890 ingenio
1104 807 1228 869 siucero
1248 813 1343 894 atque
1362 808 1401 874 ab

248 905 335 966 omni
349 905 567 988 praeiudicata
583 909 731 992 opinione
748 903 851 971 libero
867 909 1022 972 instructi.
1067 903 1255 992 Quanquam
1270 927 1310 970 ne
1325 907 1402 972 isto-

246 1024 317 1066 rum
326 1006 454 1089 quidem
468 1027 639 1091 eorumque
653 1009 794 1073 maxime
808 1011 1013 1093 pristinorum
1032 1009 1212 1072 criticorum
1228 1007 1325 1074 ,velim
1347 1007 1403 1073 ob-

247 1106 368 1168 servari
387 1107 667 1188 consuetudinem,
688 1112 743 1194 qui
767 1108 903 1173 naturali
924 1111 1052 1195 quidem
1065 1111 1133 1173 veri
1153 1111 1295 1195 rectique
1308 1130 1403 1174 sensu

246 1205 404 1289 praediti,
424 1208 481 1270 sed
496 1211 587 1293 quasi
601 1211 738 1295 quodam
750 1211 857 1274 furore
870 1208 995 1294 abrepti
1011 1218 1045 1274 'et
1056 1216 1207 1295 tanquam
1226 1208 1404 1279 ἐνθουσιά-

250 1300 360 1383 ζοντες
381 1311 486 1371 omnia
508 1308 663 1376 arbitratu
685 1333 744 1377 suo
762 1309 963 1398 corrigebant
984 1331 1190 1396 quaecuuque
1219 1313 1329 1375 innato
1354 1311 1403 1377 illi

250 1406 360 1469 sensui
379 1409 483 1473 minus
502 1409 682 1494 placebant.
724 1411 883 1480 Nimirum
910 1412 1072 1477 facultatis
1102 1411 1301 1478 coniectandi
1326 1433 1403 1478 ncn-

200 1552 201 1558 1
250 1523 410 1587 uunquam
430 1509 543 1575 similis
569 1514 789 1579 videturesse
811 1535 881 1578 oum
902 1515 1112 1599 poesiratio:
1138 1516 1185 1577 uti
1206 1514 1290 1578 enim
1313 1535 1405 1580 veras

244 1599 410 1691 rebusque
422 1619 653 1692 consentaneas
665 1616 838 1701 imagines,
857 1617 903 1679 sic
920 1616 1017 1678 etiam
1036 1616 1233 1681 coniecturas
1244 1617 1406 1684 interdum

251 1708 342 1790 quasi
362 1708 485 1800 volatu¹
500 1735 709 1802 aucupamur:
736 1737 816 1803 quas
836 1715 981 1802 quidem,
1011 1722 1051 1776 ut
1068 1720 1120 1778 est
1138 1713 1275 1780 humana
1295 1723 1408 1782 natura

249 1811 399 1873 natorum
419 1833 548 1880 snorum
569 1820 726 1882 tenaciter
745 1839 874 1896 amans,
894 1817 1084 1880 dimittimus
1096 1817 1282 1900 aegerrime.

244 1957 249 1964 -
315 1907 406 1976 ¹Nec
425 1917 532 1980 minus
550 1920 705 2004 impedita
717 1921 972 2002 fragmentorum
992 1916 1174 1980 emendatio
1196 1924 1267 1998 est,
1286 1919 1319 1981 in
1340 1922 1407 2005 qui·

252 2005 314 2072 bus
328 2016 580 2083 coniecturarum
594 2043 727 2106 regnum
751 2021 907 2084 latissime
926 2025 1027 2104 putet.
1067 2016 1209 2081 Primum
1229 2020 1313 2090 enirn
1330 2040 1408 2083 uou-

252 2127 413 2197 uanquam
427 2139 471 2181 ex
483 2122 593 2204 paucis
608 2120 715 2186 verbis
729 2125 832 2206 iisque
847 2122 943 2183 variis
965 2119 1014 2182 de
1025 2121 1147 2184 caussis
1162 2141 1182 2182 a
1201 2119 1409 2204 scriptoribus

245 2209 363 2278 ,adata
383 2215 516 2285 alicuius
534 2224 765 2287 enunciaticnis
787 2224 947 2286 sententia
974 2227 1026 2284 ast
1050 2217 1222 2302 elicienda,
1244 2242 1409 2306 argumen-

247 2318 322 2378 tum
337 2319 624 2404 scripticuinsdam
638 2325 831 2388 orationisre
851 2321 1111 2388 construendurnt
1132 2321 1218 2406 quud
1230 2321 1284 2386 vel
1304 2327 1409 2410 ipsum

243 2418 494 2506 tantumpaene
513 2425 709 2492 difficultatis
728 2424 1008 2510 ambiguitatisque
1028 2420 1144 2502 lrabet,
1165 2430 1316 2502 quantum
1339 2449 1409 2493 cum

255 2515 443 2586 collectione
467 2526 679 2611 dispersorum
699 2525 824 2588 lacerae
837 2535 963 2589 statuae
975 2524 1026 2588 vel
1039 2527 1234 2588 monumenti
1250 2525 1410 2592 membro·

246 2639 325 2686 ,rum
338 2628 389 2682 est
406 2627 616 2690 camunctum.
659 2623 732 2701 Quo
751 2626 836 2689 facto
859 2626 899 2688 de
921 2626 1105 2708 integritate
1125 2625 1251 2688 demum
1269 2627 1411 2712 singulos

255 2739 326 2784 rum
339 2721 509 2790 verborum
525 2749 678 2813 quaerere
689 2726 784 2792 licetz
806 2746 851 2791 ex
872 2745 935 2810 quo
957 2745 1154 2809 consequeus
1171 2733 1238 2804 est,
1254 2729 1283 2789 si
1305 2729 1410 2794 minus

244 2819 338 2886 illud
357 2828 537 2898 sententiae
560 2829 799 2914 investigandae
819 2826 1009 2890 successerit
1029 2827 1209 2910 negotiana,
1231 2827 1271 2890 de
1296 2826 1412 2894 verbo·

254 2941 326 2986 rum
340 2946 465 3012 quoque
478 2928 696 2994 incolumitate
708 2927 908 2994 restituenda
925 2933 1031 2992 actum
1044 2949 1128 2992 esse.
1166 2919 1305 3012 Accedit
1324 2931 1412 3016 quod

245 3043 277 3086 a
298 3022 485 3108 quibusdam
498 3030 707 3117 scriptoribus
720 3033 904 3096 memoriter
920 3031 1057 3116 ideoque
1078 3029 1297 3114 negligentius·
1312 3029 1411 3096 rerba

244 3127 475 3212 preferuntur,
496 3155 516 3197 a
537 3132 696 3220 plerisque
716 3133 947 3198 sententiarum
967 3129 1126 3196 vinculum
1143 3137 1202 3192 aut
1217 3136 1411 3214 surnmarei,

247 3227 298 3292 de
316 3252 378 3316 qua
400 3236 523 3318 agitur,
543 3239 671 3299 omuino
693 3253 758 3297 non
774 3232 948 3312 indicatur,
967 3232 1086 3317 quippe
1099 3250 1198 3314 quae,
1220 3252 1291 3294 cum
1307 3231 1411 3297 adbuc

245 3332 412 3398 «ferrentur
423 3337 548 3422 integra
563 3357 676 3422 opera,
697 3336 777 3398 satis
801 3339 887 3418 esset
901 3331 1053 3398 ,omnibus
1071 3338 1158 3396 nota.
1199 3326 1303 3426 Quid,
1324 3335 1413 3419 quod

248 3438 431 3502 cavendum
446 3445 515 3516 est,
535 3459 577 3502 ne
598 3440 679 3522 ipsis
688 3441 821 3522 operum
838 3436 1040 3520 antiquorum
1052 3433 1277 3517 imprimisque·
1291 3439 1413 3501 oratio·

246 3557 329 3602 num
341 3538 599 3625 inscriptionibus
617 3541 650 3603 in
664 3559 787 3602 errores
803 3537 1003 3614 inducamur,
1024 3555 1106 3620 quae
1128 3534 1224 3598 modo
1243 3537 1290 3600 sie
1311 3537 1411 3602 ruodo

244 3637 349 3701 valiter
362 3642 535 3704 memoriae
551 3641 734 3728 produntur.
776 3637 842 3702 Sed
857 3659 929 3704 cam
949 3634 1078 3700 difficile
1091 3641 1156 3714 est,
1178 3639 1286 3702 omnia
1302 3637 1414 3702 huius-

243 3739 342 3801 ·modi
366 3739 469 3805 frusta
489 3763 678 3828 congerere,
706 3746 947 3824 coagmentare,
975 3734 1102 3821 singula
1123 3737 1257 3822 singulis
1286 3757 1414 3801 accom-

251 3839 400 3920 modare,
421 3842 547 3908 divorsa
559 3846 742 3928 seiungere,
762 3849 831 3904 tum
842 3837 1070 3914 difficillimum,
1085 3835 1204 3920 Lysiae
1219 3839 1412 3918 bugurunta,

252 3960 334 4024 quae
355 3943 513 4025 permulta
538 3944 711 4024 habemus,
739 3964 780 4007 ea
807 3963 869 4027 qua
893 3938 1042 4005 laborant
1061 3936 1255 4004 obscuritate
1283 3939 1318 3995 et
1338 3953 1413 3998 cor-

249 4040 377 4126 ruptela
400 4041 550 4110 liberare.
591 4045 641 4111 Ac
666 4067 726 4109 nos
745 4044 874 4130 quidem
893 4061 964 4104 oum
983 4041 1046 4104 iarn
1068 4041 1101 4104 in
1120 4031 1412 4118 observationibus,

252 4165 332 4226 quas
350 4147 533 4230 scripsimus
550 4147 590 4212 da
615 4145 795 4212 oratoribus
815 4142 955 4220 Atticis,
973 4139 1126 4206 nonnulla
1147 4132 1412 4219 delibarerimus,

250 4241 305 4308 bic
326 4249 436 4330 paucis
455 4247 642 4335 quibusdam
664 4245 756 4328 aliis,
777 4245 819 4310 ad
842 4263 923 4330 quae
939 4238 1128 4308 illustranda
1152 4241 1187 4300 et
1210 4235 1413 4304 erneadanda

242 4365 292 4413 ⁴ao
315 4353 514 4436 nuperrimus
533 4351 784 4440 quidemlrerum
802 4343 1011 4432 Lysiauarum
1029 4342 1246 4428 perscrutator
1262 4343 1296 4406 et
1317 4359 1412 4408 ener—
