3030 5002
400 239 431 302 4
559 183 879 294 -nor-ss

258 383 415 483 Βράγχου
430 381 466 454 ’τ’
488 378 592 476 άγκεα
611 381 724 480 μακρά
745 388 803 457 καὶ
821 383 956 478 ἦιόεντα
975 389 1168 484 Πάνορμον,
1196 425 1199 430 ’
1326 433 1327 438 1

258 488 465 579 Μαιάνδρου
484 514 519 556 τε
541 491 668 582 ῥέεθρα
687 489 895 581 βαθυρρόου.
974 527 977 534 ·

131 599 252 666 Mirum
278 610 329 667 est
354 601 489 668 Nostem
517 613 551 669 et
571 604 836 686 Amphimachum
860 607 894 670 in
915 613 982 670 tam
1005 609 1104 671 vastis
1129 603 1167 670 et
1182 605 1292 671 multis
1345 627 1347 630 ·

131 703 317 788 regionibus
338 705 400 768 dici
421 703 595 768 habitasse.
636 705 704 770 Iam
720 697 883 791 Ncompara
904 705 1036 772 Homer.
1061 712 1103 772 Β.
1132 713 1193 769 867
1223 727 1291 794 sqq.

134 805 220 868 unde
243 803 382 880 Quintus
404 827 462 870 sua
484 806 605 870 hausit:

260 902 397 994 Νάστης
417 898 460 972 αὖ
479 908 604 995 Καρῶν
621 901 768 992 ἡγήσατο
789 905 1080 996 βαρβαροφώνων,
1098 970 1100 974 ,
1220 930 1222 936 ’

188 1071 191 1078 ,
260 999 298 1070 οἳ
313 1003 469 1095 Μέλητον
484 1001 558 1088 iios
583 1010 741 1096 Φθειρῶν
761 1001 793 1072 τ’
814 999 893 1093 όρος
915 999 1170 1096 άκριτόφολλον,

152 1139 154 1149 ’
222 1127 227 1138 ’
263 1101 467 1194 Μαιάνδρου
486 1129 522 1172 τε
542 1104 806 1197 ροάςΜυκάλης
820 1101 856 1172 τ’
877 1103 1012 1172 αἰπεινά
1032 1106 1176 1196 κάρηνα·

262 1209 329 1273 τῶν
348 1207 411 1291 μέν
430 1199 489 1296 ἱέρ’
508 1200 719 1296 Ἀμφίμαχος
738 1205 796 1273 καὶ
815 1206 953 1295 Νάστης
971 1203 1194 1296 ἡγησάσθην.Ι
1289 1201 1291 1205 ’

134 1317 238 1384 Vides
273 1343 346 1384 eum
374 1320 518 1385 Iocorum
545 1319 705 1401 tractum.
729 1325 784 1406 qui
806 1318 919 1396 Quinti
944 1320 1070 1401 verbis,
1099 1325 1146 1385 uti
1168 1324 1295 1408 quidem

134 1441 220 1484 nunc
247 1419 429 1506 leguntur,¹
450 1421 529 1486 solis
550 1421 782 1507 Amphimacho
812 1429 847 1485 et
865 1417 986 1485 Nastae
1014 1421 1220 1502 adscribitur,
1251 1425 1293 1489 ab

134 1519 278 1586 Homero
301 1524 362 1586 toti
376 1523 537 1608 adsignari
551 1521 667 1597 Carum
682 1521 813 1608 populo,
835 1524 887 1586 cui
909 1523 970 1586 duo
986 1520 1035 1585 illi
1056 1526 1114 1586 viri
1133 1507 1295 1608 praesunt.

8 1627 9 1630 ’
135 1621 219 1688 Ηίαο
246 1629 393 1710 apparet
410 1630 487 1710 post
513 1645 544 1688 v.
566 1629 639 1689 281.
668 1645 795 1688 versum
823 1623 984 1688 excidisse
1006 1622 1100 1687 huius
1127 1625 1195 1690 iere
1224 1637 1299 1692 seu-¹

135 1727 273 1789 tentiae:
1255 1791 1263 1818 l
1303 1749 1306 1754 ·

186 1829 273 1923 [roi
297 1827 377 1924 γάρ
399 1825 447 1917 δὴ
469 1828 627 1922 Καρῶν
651 1822 860 1925 ἡγήτορας
888 1819 992 1915 ἦσαν
1013 1822 1243 1920 indorum]

187 1939 221 2004 oi
240 1929 404 2019 Μυκάλην
429 1937 576 2022 ἐνέμοντο
599 1938 668 2003 κτλ.

218 2045 270 2111 De
290 2054 385 2112 tortio
406 2037 476 2128 foco
492 2070 521 2111 v.
538 2052 599 2111 503
614 2069 703 2133 sqq.‚
723 2043 781 2110 ubi
800 2044 986 2128 Tpcluenius
1007 2069 1036 2111 v.
1053 2050 1123 2110 504.
1144 2067 1294 2128 pessuma

137 2149 318 2212 coniectura
338 2142 544 2238 άηραόίηοιν
564 2146 698 2226 intulit‚·
714 2169 778 2210 non
803 2169 883 2231 opus
905 2155 956 2212 est
974 2139 1119 2232 piiuibus
1149 2169 1293 2232 expona-
1345 2210 1351 2218 ,

117 2255 199 2327 -tur,
222 2271 292 2312 cum
314 2258 348 2313 ot
361 2250 601 2313 Βόοάοαακαατ
622 2251 686 2311 iam
707 2247 853 2312 lacunam
875 2246 921 2312 ibi
939 2251 1019 2332 post‘
1030 2271 1058 2311 v.
1070 2252 1139 2310 505.
1156 2240 1227 2310 esso
1249 2250 1308 2342 1αῇΔ

7 2426 14 2436 ¹
136 2349 320 2430 teIIexerIt,
348 2358 381 2414 et
408 2372 508 2434 nuper
535 2349 678 2428 eiusdem
698 2352 878 2436 sententiae
905 2351 1119 2432 gravissumus
1148 2348 1297 2430 defensor

136 2447 323 2534 Sptaezucruo
349 2449 371 2514 I.
388 2451 418 2515 ἀ.
447 2455 478 2533 p.
502 2454 583 2512 1170
605 2471 651 2535 sq.
681 2451 866 2530 exstiterit,
895 2451 948 2535 qui
970 2452 1093 2532 etipse
1116 2448 1314 2515 Bom'tzc'um.

139 2552 331 2632 confutavit,
359 2558 483 2614 remota
504 2548 636 2614 lacunae
658 2553 839 2635 suspicione
860 2571 890 2614 v.
914 2555 984 2614 505.
1008 2547 1109 2616 λαόν
1129 2543 1307 2628 ἔλόντες“

136 2675 196 2739 pro
217 2647 457 2734 Λαομέδοντος
475 2649 671 2736 scribentem
684 2649 706 2715 I.
726 2674 753 2716 c.
775 2673 807 2736 p.
827 2656 918 2716 1220.
963 2649 1066 2726 Quale
1084 2652 1191 2730 fuerit,
1212 2651 1298 2735 quod
1365 2642 1368 2646 ’

134 2756 252 2841 periit,
274 2774 318 2839 ex
336 2752 478 2836 Homero
500 2755 538 2818 Ε.
557 2757 725 2818 038-42.
744 2757 851 2816 648-
863 2757 913 2820 51.
934 2751 1029 2814 facile
1049 2752 1158 2836 colligi
1177 2761 1296 2836 potest.
1362 2831 1365 2836 .

228 2867 359 2932 Ultimus
381 2869 485 2948 locus,
514 2871 547 2932 in
569 2889 632 2954 quo
655 2872 744 2952 ¹certa
765 2865 900 2932 lacunae
920 2869 1011 2950 signa
1032 2866 1200 2938 detexisse
1218 2853 1309 2932 mibi

138 2969 268 3049 videor,
291 2974 341 3031 est
361 2990 391 3032 v.
409 2974 473 3065 633
492 2990 560 3053 sqq.

242 3069 289 3156 ὡς
309 3077 343 3145 δ’
367 3073 420 3146 ὅτ’
442 3075 494 3146 ἀν’
518 3071 612 3162 εὐρέα
635 3065 758 3142 πόντον
777 3076 1005 3162 ἐνυβρίσαντος
1028 3065 1133 3156 άήτεω
1244 3165 1246 3170 Ι
1293 3076 1295 3084 ’

152 3233 158 3242 .
240 3181 374 3262 ναῦται,
396 3179 450 3264 νῆ’
468 3173 653 3262 ὀλέσαντες,
674 3169 968 3267 ὑπτνττροφόγωοιν
989 3169 1133 3264 ὄλεθρον
1200 3267 1205 3274 ι
1278 3165 1281 3172 ’

240 3285 381 3372 παῦροι,
407 3275 513 3352 πολλά
534 3279 690 3368 καμόντες
712 3273 844 3368 όϊζορῆς
863 3271 1044 3361 ἁλὸςεῖοω,

244 3377 308 3478 ὀψὲ
324 3386 357 3456 δ’
375 3381 441 3474 άρα
459 3390 552 3478 σφίσι
571 3391 650 3471 γαῖα
666 3380 758 3476 φάνη
774 3377 888 3468 σχεδόν
908 3381 965 3464 ἠδὲ
980 3384 1035 3448 καὶ
1050 3377 1145 3459 doro,

237 3491 295 3555 ,τοὶ
311 3491 344 3554 δὲ
361 3487 450 3580 μόγῳ
465 3483 631 3556 στονόεντι
648 3483 871 3576 πέτρον-μένοι
894 3474 982 3576 αἶψά
1012 3507 1055 3570 γε
1080 3479 1199 3562 πάντες

140 3585 144 3605 ¹
239 3587 273 3670 ἐξ
293 3585 372 3670 ἁλὸς
390 3588 630 3678 ά1οσουοτμέγ’
653 3581 829 3676 ἀχνύμενοι
847 3590 920 3674 περὶ
941 3579 1018 3667 νηός

239 3683 297 3773 ἡδ’
318 3685 456 3785 ἑτάρων,
480 3686 537 3774 οὓς
556 3685 651 3760 αἰνόν
672 3685 739 3758 ὑπὸ
757 3683 860 3783 ζόφον
877 3686 977 3770 iliaca
999 3687 1100 3776 κῦμα.

142 3813 205 3879 Hic
226 3835 299 3879 cum
318 3817 351 3879 in'
371 3817 487 3883 Aldina
505 3839 535 3884 v.
557 3821 629 3881 037.
650 3822 775 3880 tantum
795 3816 957 3900 legeretur
974 3803 1064 3899 αἶψα
1086 3807 1218 3887 πάντες,
1239 3827 1298 3872 noe

144 3917 220 3980 ferri
245 3924 356 3999 posset
386 3921 470 4003 quod
498 3922 613 3984 versui*
630 3917 768 3983 fulcrum
793 3915 979 3998 Tpohoem'm
1006 3914 1124 3978 adiecit
1153 3931 1209 3994 ys,
1224 3910 1298 3992 ‘ego

145 4015 222 4081 olim
244 4021 366 4082 conieci
382 4019 582 4084 scribendum
605 4041 676 4083 esso
698 4007 781 4103 αἶψ’
804 4013 827 4080 ά
837 4041 892 4100 μα
912 4013 1051 4094 πάντες,
1082 4013 1299 4075 usitatissuma

146 4114 265 4192 QuInto
288 4119 451 4184 locutione
483 4121 563 4203 (vid.
583 4119 607 4182 I.
633 4123 702 4184 175.
725 4124 795 4181 743.
823 4117 862 4180 lI.
883 4123 953 4179 130.
974 4119 1045 4178 550.
1073 4111 1127 4175 III.
1149 4115 1220 4172 108.
1243 4105 1302 4172 IV.

145 4223 196 4287 30.
224 4219 266 4284 V.
290 4226 361 4286 269.
390 4220 447 4284 VI.
471 4224 543 4284 514.
564 4217 635 4282 VII.
654 4226 724 4284 110.
744 4224 814 4282 520.
836 4217 924 4282 VIII.
944 4221 1014 4279 108.
1035 4212 1111 4278 XII.
1135 4214 1205 4274 177.
1227 4212 1301 4271 427.

145 4315 235 4384 XIII.
255 4326 327 4387 215.
368 4321 462 4388 XIV.
483 4325 565 4398 468;
593 4328 683 4386 recto
707 4325 859 4387 restituta
887 4317 962 4384 XII.
985 4320 1058 4382 544.
1088 4309 1303 4398 α·ορ11ττκονο
