3026 4992
639 243 702 264 -·
748 203 840 285 114
898 243 957 266 ω·

215 391 337 474 gigas,
367 396 399 452 et
418 387 562 450 Plutonis
582 403 682 466 regne
705 383 848 451 damma
869 383 1025 466 offertos
1042 384 1100 447 sed
1128 387 1286 470 corrigere
1313 404 1382 450 και·-

217 490 308 554 λύσει
329 482 389 554 οὐκ
413 471 580 575 ἐνεργεῖνῖ
593 483 705 548 licebit
725 489 844 564 autern,
865 489 895 549 si
910 487 1071 552 referetur
1092 482 1234 550 κωλύσει
1252 507 1316 552 non
1337 487 1381 550 ad

217 589 335 671 lovem,
357 589 413 654 sed
435 589 474 652 ad
497 609 535 650 ea
556 609 637 672 qnae
657 586 773 648 lecturi
795 594 884 653 sunt:
905 596 938 650 te
957 609 1034 652 vero
1055 585 1135 650 Ιιαασ
1156 583 1208 650 re'r
1228 588 1385 670 impediet

217 698 375 776 ραακιίιιιιι
402 710 480 774 opus
505 698 589 752 ιιιαικ
612 688 722 768 fierine
750 695 784 748 et
817 697 909 769 coget
936 689 1081 752 Plutonis
1108 709 1208 772 regno
1237 688 1381 750 δαινκνκι

216 792 349 872 offerre.
390 790 462 854 Hoc
485 812 559 854 vero
581 789 740 875 posterius
763 809 823 871 ego
846 789 1039 872 praeferam,
1062 791 1146 874 quod
1167 791 1296 852 ornnino
1315 809 1380 853 non

215 894 341 958 videtur
366 890 452 957 lovis
490 913 580 969 esse,
610 888 790 952 Charonern
819 887 990 953 observare
1020 898 1055 952 et
1081 893 1212 974 punire,
1242 893 1269 952 si
1298 908 1380 974 opus

216 1015 307 1058 snrrnr
335 992 536 1078 neglexerit,
566 992 623 1054 sed
646 990 791 1054 Plutonis
819 993 927 1074 potius
955 990 1009 1053 rel
1034 989 1144 1053 Aeaei.
1187 991 1293 1077 Atque
1314 990 1382 1053 L'u·

215 1099 339 1160 ciannrn
361 1113 486 1180 quoque
508 1095 554 1155 sic
577 1091 673 1155 verba
695 1099 826 1176 accepta
846 1089 987 1154 voluisse
1007 1091 1137 1177 planunr
1158 1092 1236 1155 mibi
1250 1093 1380 1172 quidem

215 1199 340 1261 videtur
361 1217 405 1258 ex
434 1198 474 1257 iis
495 1217 576 1278 qnae
605 1193 749 1256 subiicit:
780 1183 865 1279 κᾷτα
894 1185 1079 1280 δτελαλνριςΙ
1095 1187 1228 1269 Αἶακδς
1255 1184 1381 1278 cipere-2

215 1295 343 1384 κτήσει,
366 1289 444 1383 μηδ’
464 1287 586 1378 δβολδν
607 1293 773 1378 ἐμπολῶν.
817 1291 909 1366 Quinc
937 1296 983 1356 sic
1012 1295 1138 1357 denrurn
1165 1303 1252 1362 recte
1281 1291 1382 1356 subii-

216 1403 349 1477 ciuntur,
374 1401 401 1460 si
424 1395 581 1482 prioribus
599 1394 726 1459 Charon
749 1398 813 1458 ista
833 1396 1090 1478 peregrinatione
1104 1395 1217 1458 dicitur
1231 1395 1380 1479 impediri

216 1503 381 1587 quominus
401 1521 482 1584 opus
503 1498 617 1578 faciat,
639 1519 720 1576 non,
741 1499 769 1560 si
791 1519 810 1558 a
832 1499 906 1559 love
929 1497 1051 1559 dicatur
1072 1494 1234 1579 prohiberi
1256 1496 1380 1578 quomi-

216 1623 274 1664 nus
306 1621 404 1684 regno
440 1597 585 1662 Plutonis
619 1599 770 1661 damnum
796 1597 918 1660 aflerat.
963 1595 1131 1681 Languida
1161 1595 1276 1659 saltern
1305 1617 1381 1658 sen-

213 1704 314 1765 tentia
341 1701 483 1780 videtur,
512 1704 559 1781 si,
587 1708 756 1788 postquam
791 1696 984 1782 significavit
1029 1701 1136 1762 lovem
1170 1707 1273 1762 totam
1307 1719 1377 1760 rern

214 1803 436 1886 impediturum
463 1803 549 1880 fore,
587 1804 677 1887 qnasi
703 1804 805 1870 maius
833 1801 925 1884 quid,
960 1791 1049 1885 quod*
1068 1803 1169 1885 magis
1195 1807 1380 1864 revereatur

215 1903 360 1982 Cburon,
387 1903 538 1966 addatur:
566 1905 663 1965 etiarn
683 1901 827 1965 Aeacum
858 1923 1102 1981 succensurum,
1132 1904 1161 1964 si
1190 1898 1269 1964 nibil
1295 1899 1380 1962 aoei-

215 2009 292 2091 piat.
331 2003 436 2078 Quare
456 2024 519 2066 nnn
541 2006 699 2068 assentior
716 2003 899 2065 Hermanno
915 2011 1037 2083 nostro,
1060 2005 1143 2089 quod
1161 1999 1303 2066 κωλύσει
1317 1991 1378 2064 οὐκ

213 2106 353 2193 ἐνεργεῖν
371 2112 535 2189 praestare
553 2105 646 2166 dixit.
678 2103 743 2164 Sed
758 2111 883 2187 tenipus
899 2113 949 2166 cst
961 2107 1075 2188 pedern
1091 2106 1220 2183 referre,
1242 2125 1282 2166 ne
1302 2123 1376 2166 sen·

215 2211 275 2272 sirn
295 2210 329 2270 in
345 2209 493 2290 regiones
508 2205 629 2268 alienas
647 2205 833 2267 deseramur.
859 2203 968 2288 l'ergit
981 2209 1079 2289 igitur
1090 2203 1200 2268 leneus
1212 2209 1298 2284 §.aa
1312 2205 1376 2266 sic:

297 2303 404 2393 λόγων
434 2302 473 2370 δὲ
503 2303 638 2371 πολλῶν
663 2304 846 2393 γενομένων
878 2302 934 2368 καὶ
955 2300 1079 2394 ἔχθρας
1108 2305 1236 2392 πολλῆς
1264 2299 1380 2380 ἔδοξεν

157 2419 158 2426 ’
213 2404 291 2497 ἡμῖν
315 2410 454 2496 χρῆναι,
489 2402 545 2470 ἵνα
572 2402 618 2492 μή
649 2430 731 2472 ποτε
765 2401 844 2494 εἴπῃ
873 2430 923 2482 τις
949 2405 1007 2490 ἐμὲ
1035 2407 1294 2496 ’φιλοχρηματεῖν
1319 2405 1378 2470 καλ

213 2507 355 2596 ἐχθροὺς
380 2501 548 2592 ἀδελφοὺς
577 2499 673 2582 ὄντας
701 2499 834 2591 αὐτοῦΙ
855 2502 1086 2586 καθιστάνειν,
1116 2505 1298 2595 ἐπιτρέψαι
1327 2512 1377 2596 τρῖ

212 2633 247 2673 τε
269 2608 411 2695 κηδεστῇ
431 2607 479 2689 τῷ
500 2601 618 2669 τούτου
640 2601 696 2668 καὶ
717 2609 788 2682 ταῖς
809 2603 924 2693 φίλοις
945 2608 1124 2692 διαιτῆσαι.

295 2707 386 2770 Libri
417 2727 527 2774 ornnes
555 2698 672 2780 αὐτοῦ;
709 2707 849 2772 editores
870 2707 1063 2784 recentiores
1085 2712 1187 2772 secuti
1204 2718 1278 2772 sunt
1299 2731 1376 2780 con,-

212 2815 364 2875 iacturam
396 2805 517 2871 Brernii
545 2798 675 2884 αὐτούς.
728 2807 820 2882 Quae
849 2831 920 2872 curn
954 2832 1016 2872 non
1052 2812 1153 2895 magis
1189 2814 1376 2876 mutationis

212 2911 346 2975 lenitate
378 2931 471 3002 quarn
495 2911 595 2994 ipsius
620 2915 802 2982 ,sententiae
834 2911 1084 2976 conformatione
1115 2915 1259 2976 videatur
1287 2935 1374 2976 corn-

213 3012 370 3089 urenderi‚
397 3031 479 3094 pene
509 3009 647 3074 adducor
667 3019 703 3074 ut
730 3015 895 3076 assentiar.
937 3012 1061 3077 Poterit
1083 3022 1190 3078 tannen
1213 3017 1307 3080 etiarn
1326 3013 1372 3076 li·

213 3117 341 3180 brorum
362 3117 518 3197 scriptura
539 3112 771 3197 quodammodo
792 3115 937 3177 defendi:
960 3137 1024 3178 non
1038 3117 1123 3200 qued
1139 3125 1247 3201 putorn
1261 3137 1374 3180 revera

214 3218 319 3304 plures
336 3217 435 3278 luisse
457 3211 611 3275 Meneclis
633 3213 766 3286 fratres3
787 3222 874 3277 reete
895 3217 980 3280 enirn
1002 3215 1372 3303 Seboerrrannusp.199.

214 3321 253 3384 ad
276 3317 468 3383 scholiastae
486 3311 594 3392 verba,
616 3314 722 3397 quiin
743 3322 929 3398 argrrmento
951 3320 1059 3399 posuit
1080 3311 1234 3406 ἀδελφῶν
1248 3311 1375 3406 ἀμφισ-

212 3413 441 3507 βητησάντων,
471 3416 610 3478 notavit:
654 3417 793 3496 „rectius
820 3417 957 3479 dixisset
982 3410 1140 3506 δδελςισδ
1159 3412 1375 3509 ἀμφισβητή-

213 3543 348 3597 σαντας,
377 3537 450 3580 narn
479 3535 575 3580 unum
609 3513 764 3582 Meneclis
791 3518 922 3581 fratrem
950 3519 1050 3582 fuisse
1076 3527 1298 3603 apparatae.
1320 3529 1373 3598 21;

213 3620 271 3684 sed
292 3619 420 3682 induxit
450 3617 587 3680 fortasse
614 3623 852 3702 grarnruatioruu
880 3628 1039 3700 nostrum,
1069 3621 1152 3705 quod
1176 3627 1296 3707 passini
1315 3627 1374 3688 ad-

212 3722 371 3784 versarios
409 3716 525 3802 plurali
560 3741 690 3784 numero
723 3723 882 3804 designari
912 3721 1069 3786 videret.“
1104 3722 1157 3804 (ef.
1178 3717 1226 3804 ἐς.
1247 3731 1296 3787 14.
1321 3729 1372 3786 15.

105 3835 121 3868 ’ν
216 3825 264 3884 17.
278 3827 328 3884 31.
342 3825 392 3882 38.
408 3822 458 3881 39.
473 3820 539 3901 47.)
570 3823 738 3899 ,nimirum
758 3821 843 3884 filius
865 3843 989 3907 qnoque
1011 3823 1193 3907 adversarii,
1210 3825 1370 3910 particeps

117 3947 119 3953 ·
213 3919 446 4004 quodammodo
481 3940 613 3984 caussae
641 3930 810 4006 paternae,
840 3927 873 3986 in
899 3925 1017 3986 iudicio
1039 3928 1182 3991 aderat.“
1232 3923 1296 3985 Sed
1318 3945 1370 3988 ar-

131 4087 136 4098 l
213 4021 331 4098 bitror,
366 4027 524 4083 oratorem
554 4023 594 4085 de
624 4023 721 4086 fratre
752 4027 883 4108 eiusque
907 4022 975 4086 filio
1004 4029 1098 4092 sirnul
1127 4029 1307 4110 loquentem
1334 4027 1369 4092 in

209 4124 391 4202 universum
419 4124 617 4206 cognationis
645 4127 801 4188 rationem
827 4123 1076 4209 significaturum
1105 4135 1191 4192 recte
1212 4129 1369 4211 'potuisse

210 4219 377 4309 δδελφδδς
397 4243 453 4285 eos
474 4222 599 4298 dicere3
621 4219 755 4311 namque
778 4249 797 4292 u
817 4230 962 4312 potiore,
984 4239 1021 4294 ut
1039 4233 1146 4307 aiunt,
1168 4225 1208 4293 fit
1225 4227 1368 4295 denomi-

209 4327 306 4390 natio.
355 4322 548 4390 Praesertim
578 4345 649 4390 curn
683 4319 826 4416 ἀδελφοὶ
858 4349 922 4395 uon
952 4327 1057 4393 solum
1083 4330 1108 4393 ii
1133 4328 1285 4398 dicautur
1313 4335 1368 4421 qui
