3030 5002
500 205 888 338 &mason-w

134 459 207 505 oom
227 435 364 502 Homeri
389 433 430 502 Ψ.
452 438 524 500 811.
552 427 624 500 αἰὲν
652 425 720 499 ἐπ’
751 425 902 516 αὐχένι
922 433 1024 528 'niioe
1051 421 1193 530 φαεινοῦ
1214 443 1305 511 dou:

133 536 194 628 ρός
216 529 342 624 ἀκωκῇ.
371 535 511 601 Videtur
524 531 663 608 Quintus
687 536 801 600 eodem
821 539 936 618 modo,
957 548 995 602 ut
1013 540 1164 626 Apellen.
1188 543 1303 612 Rhod·

132 642 156 702 l.
180 643 272 701 1254.
294 633 416 721 γυμνόν
436 633 654 702 ἐπαΐσσων
674 628 814 720 παλάμῃ
837 632 935 724 ξίφος
956 641 1056 720 dixit,
1083 644 1129 705 ita
1149 643 1205 707 iiie
1224 645 1254 709 h.
1269 646 1292 710 1.
1377 653 1379 658 '

133 741 255 828 κῦρσαι
270 739 438 802 transitiva
448 737 681 821 quodammodo
692 739 724 800 vi
738 759 810 800 curn
826 742 1007 802 accusativo
1021 743 1177 806 iunxisse.
1200 743 1292 819 Quae
1336 797 1340 814 .

132 838 300 902 Bonitze'ur
315 838 373 901 1ο.
391 861 422 922 p.
433 843 524 928 1223„
542 836 581 901 de
590 835 621 899 h.
630 834 651 899 l.
660 840 798 922 scripsit,
813 860 852 901 ea
860 843 1002 923 argutius
1013 863 1107 928 quam
1115 847 1219 907 verius
1229 849 1292 910 dis·

131 948 246 1026 putata
259 946 348 1019 sunt,
367 945 405 1001 ut
420 959 491 1002 oum
515 937 591 1000 dioit
613 934 797 1002 Menelaum
819 939 963 1024 gladioe
985 963 1080 1006 manu
1102 942 1212 1028 elapso
1228 967 1293 1010 non

131 1041 269 1121 habere,
291 1060 385 1124 quern
405 1039 594 1117 admoveat,
615 1034 765 1121 gladium.
807 1039 856 1104 Ea
873 1047 997 1121 autem,
1021 1065 1114 1129 quam
1132 1046 1201 1128 ipse
1218 1039 1294 1126 pro-⁹

66 1187 68 1191 -
130 1141 207 1206 tulit
227 1143 457 1218 coniecturam,
484 1141 512 1202 si
533 1141 567 1202 in
589 1138 680 1202 libris
703 1142 914 1222 inveniretur,
940 1165 998 1226 per
1018 1142 1113 1206 aliam
1134 1148 1294 1209 coniectu*

132 1265 201 1308 ram
224 1241 417 1328 expellenda
438 1247 535 1304 esset.
578 1237 660 1313 Quis
682 1243 766 1304 enirn
781 1240 862 1305 hano
880 1242 1000 1307 toleret
1018 1241 1187 1318 verborum
1208 1254 1299 1310 stru:

131 1352 270 1410 ctorem:
305 1337 393 1422 „ini
420 1335 518 1428 ξίφος
549 1331 600 1406 αὖ
624 1338 716 1430 χερὶ
745 1343 875 1430 κῦρσαι,
905 1365 1000 1407 manu
1022 1347 1139 1409 iterum
1165 1349 1225 1409 niti
1252 1348 1294 1410 ad

130 1442 324 1530 gladiumi“
339 1477 383 1490 -
401 1439 524 1506 Eadem
540 1444 636 1506 etiam
650 1440 817 1528 spinam·
832 1449 883 1506 est
900 1445 1059 1508 sententia
1073 1442 1096 1508 l.
1110 1468 1136 1510 e.
1146 1469 1183 1554 μ.
1201 1452 1306 1537 1183.Α

164 1621 167 1626 .
213 1538 257 1606 V.
280 1547 341 1608 451
365 1563 412 1628 sq.

280 1645 368 1743 ἄλλῳ
392 1642 429 1719 d'
451 1635 495 1717 od
517 1645 670 1740 φεύγοντι
692 1645 747 1718 διαὶ
764 1645 929 1740 μεγάροιο
953 1643 1099 1738 μεσόδμη

282 1757 398 1837 ἔμπεσε
421 1762 594 1842 καιομένη,
616 1755 669 1824 ἐπὶ
694 1747 730 1821 δ’
757 1748 871 1843 ἤριπεν
891 1750 989 1823 αἰπὺν
1005 1750 1156 1844 ὄλεθρον.

131 1861 298 1930 Postrema
317 1864 484 1946 laborant,
511 1868 586 1951 quia
608 1857 730 1954 ἤριπεν
751 1868 780 1928 si
796 1889 835 1930 eo
858 1870 982 1951 eapitur
1004 1864 1201 1951 significatu,
1229 1891 1293 1954 quo

133 1965 204 2030 solo
231 1973 416 2052 usurpatur,
461 1971 575 2044 irretit,
612 1975 697 2030 stare
725 1989 790 2031 non
819 1975 928 2053 potest
956 1970 1155 2031 aecusativus
1192 1963 1295 2035 αἰπὺν

132 2048 287 2155 ὄλεθρον.
328 2057 396 2131 Iarn
413 2050 657 2132 'Rhadamantem
677 2067 778 2153 probe
801 2067 880 2132 haee
901 2067 1085 2152 intelligens
1109 2052 1293 2132 dubitanter

131 2170 300 2254 proposuit
343 2166 401 2234 ἐπὶ
430 2159 466 2234 d’
494 2163 668 2256 εἷ’ρυσεν.
719 2168 787 2232 Sed
813 2168 952 2232 alienum
975 2176 1026 2231 est
1052 2167 1083 2230 h.
1106 2168 1127 2231 l.
1160 2168 1295 2233 verbum

133 2267 291 2332 tradendi.
311 2267 415 2335 Poeta
436 2277 492 2332 aut
512 2265 571 2334 ἐπὶ
587 2262 622 2333 d’
641 2259 761 2354 ἤριπεν
781 2263 897 2344 αῑπύς
918 2260 1024 2356 diedo
1036 2291 1095 2345 ος,
1119 2261 1185 2347 aut,
1209 2270 1295 2352 quod

133 2369 281 2453 equidem
301 2366 528 2452 praetulerim,
560 2363 619 2432 ἐπὶ
639 2360 675 2432 d'
704 2361 880 2454 ἔρριψεν
906 2360 1008 2430 αἰπύν
1034 2357 1193 2455 ὄλεθρον,
1221 2370 1243 2430 i.
1267 2390 1296 2437 e.

132 2514 155 2553 „
164 2469 277 2533 incidit
291 2465 438 2533 columna
457 2474 655 2553 mortemque
677 2470 829 2547 iniecir,“
858 2467 1040 2550 scripserat.
1074 2543 1077 2547 ¹

127 2595 129 2600 ’
215 2598 259 2665 V.
281 2603 347 2664 496·
364 2619 432 2684 sqq.

253 2711 311 2778 καὶ
326 2701 398 2778 τότε
413 2701 643 2796 Δημοφόωντι,
666 2701 890 2793 μενεπτολέμφ
909 2694 943 2771 τ’
956 2696 1134 2786 Ἀκάμαντι

238 2898 240 2906 Ι
261 2811 389 2895 Θησῆος
412 2801 568 2896 μεγάλοιο
583 2807 629 2878 δι’
648 2803 765 2888 ἄστεος
786 2802 899 2892 ἤντετο
917 2800 1040 2896 μήτηρ,

253 2919 370 3002 καίπερ
396 2913 636 3000 ἐελδομένη.

132 3018 268 3113 Καίπερ
303 3024 480 3111 ἐελδομένῃ
507 3019 666 3107 signifieat
709 3026 847 3104 quumvis
874 3026 1050 3100 exoptatur,
1096 3037 1177 3096 non,
1213 3017 1298 3102 qood

132 3123 373 3190 Rhadamantem
393 3124 512 3204 voluit,
534 3125 666 3186 ideone
687 3129 854 3203 exoptans.
896 3116 981 3181 lllud
1000 3139 1077 3180 vero
1098 3117 1194 3201 piane
1220 3116 1299 3181 alie·

134 3245 210 3288 num
232 3234 284 3289 est
302 3226 342 3290 ab
365 3224 529 3290 hocloco.
550 3209 741 3297 'Quomodo
764 3224 849 3284 enim
864 3216 1008 3283 Aethrae
1030 3205 1222 3281 desiderium
1242 3238 1299 3280 ne-

133 3331 228 3406 potes
249 3329 430 3392 inveniendi
451 3325 678 3410 impedimento
702 3345 774 3386 esse
792 3324 914 3403 potuit,
943 3321 1110 3404 quominus
1132 3320 1299 3381 eosinve·

134 3424 237 3489 nireti
277 3426 383 3492 Locus
410 3431 478 3492 sine
509 3424 606 3488 dubio
635 3430 801 3508 corruptus
831 3429 891 3486 est.
935 3419 1001 3484 Sed
1022 3419 1210 3484 medicinam
1232 3441 1299 3481 oer-

134 3531 202 3588 tarn
225 3529 374 3610 equidem
405 3533 436 3592 ei
462 3527 604 3592 nondum
638 3527 756 3586 inveni.
804 3520 957 3584 Fortasse
985 3525 1094 3581 tamen
1126 3521 1299 3602 scripserat.

105 3693 109 3714 Ι
136 3620 274 3699 Quintus
298 3625 419 3720 καίπερ
445 3623 620 3708 ἅλωομέ
627 3649 681 3710 νη.
737 3621 892 3697 Quamvis
912 3629 1034 3686 temere
1052 3626 1221 3710 vagaretur
1239 3643 1298 3705 per

135 3724 247 3808 urbem
281 3726 421 3811 Aethra,
457 3737 581 3808 tameo,
617 3746 690 3790 eum
718 3724 797 3787 deus
830 3745 903 3788 earn
930 3724 1077 3803 duceret,
1119 3720 1234 3786 incidit
1263 3725 1298 3788 io

136 3838 282 3914 nepotes.
1217 3831 1226 3840 '

220 3955 265 4023 V.
287 3963 346 4023 541
368 3980 416 4046 sq.

385 4127 396 4142 ·
826 4044 914 4138 ἀμφὶ
934 4047 972 4114 di
993 4045 1087 4131 δῶμα
1196 4086 1200 4095 -

298 4149 368 4237 ἡδύ
395 4176 434 4220 τι
465 4151 661 4240 μνρομὲνων
683 4139 780 4240 γαεοῆ
808 4147 1019 4239 πιριπίπτατ’
1046 4139 1118 4228 iuri.

136 4258 221 4337 Quid
241 4265 275 4328 in
294 4268 397 4351 primo
412 4262 579 4328 Theocriti
598 4285 701 4342 versu,
731 4257 793 4329 ἁδύ
811 4285 844 4328 τι
860 4257 898 4327 τὸ
915 4254 1111 4349 ψιθὺρισμα
1127 4265 1206 4338 eto,
1225 4281 1299 4344 pro-

138 4373 254 4432 nomen
275 4365 476 4433 iudefinitum
497 4361 670 4452 significet,
692 4365 777 4431 haud
797 4361 1032 4450 ignoro;'ide'm
1055 4359 1130 4443 quid
1151 4359 1183 4425 h.
1196 4359 1217 4424 l.
1236 4361 1299 4428 sibi
1386 4395 1387 4400 ν

1022 4466 1095 4544 172
