3026 4992
660 177 1082 266 -124-“

231 365 310 452 ήκω
329 365 401 432 τῶν,
413 363 598 434 δοθέντων.
613 365 661 447 ,(ς.
678 365 743 448 61.)
763 366 834 441 τοῖς
853 363 915 446 μέν
937 359 1011 449 γάρ,
1027 354 1087 428 ’ἀοι
1108 355 1193 448 μ’όνφ
1208 357 1391 446 γεγόνασιν,

235 459 346 543 odoris
367 457 408 532 ἀν
429 462 539 552 ἀήττου
560 457 823 553 ἀμφισβητήσειε
842 462 1007 553 περὶτῶν
1028 455 1213 550 πατρῴων·
1242 458 1329 549 πρὸς
1350 461 1391 526 δέ

229 565 312 644 τούς
343 563 553 651 εἶσποιήτονς
578 560 723 642 ἀτέοντες
759 560 793 631 oi
819 563 905 632 κατά
943 565 1036 652 γένος
1072 558 1295 651 προσήκοντες
1322 552 1390 640 ἀμ-

235 671 408 755 φισβητεῖν
428 659 591 744 ἀξιοῦσιν.
609 663 664 732 λ’να
686 658 744 734 οὖν
761 665 807 753 μή
829 665 924 756 παρὰ
943 668 1003 732 τοῦ
1023 661 1210 745 ἐντυχόντος
1231 663 1296 726 τιῖυ
1311 655 1391 746 κλή-

234 791 303 857 ρων
331 764 368 836 αὶ
391 766 501 854 λήξεις
526 769 596 844 τοῖς
624 759 844 855 ἀμφισβητεῖν
871 765 1088 856 βουλομένοις
1116 760 1303 850 γίγνωνται,
1316 757 1391 858 suat
1505 813 1506 832 ι

233 865 280 956 μή
303 862 349 948 ὦς
368 864 499 956 ἐρήμων
515 870 580 934 τιῖν
594 863 723 956 κλήρων
742 864 1000 950 έττιδιιιάζεσβοέ
1019 889 1104 944 τινες
1124 865 1288 950 τολμῶσι,
1309 855 1390 926 cod-

233 991 292 1038 του
308 967 403 1036 ἕνεκα
425 967 485 1046 τάς
503 963 715 1045 έπιδικασίας
730 964 764 1034 oi
783 963 971 1058 εἷστιοίητοι
992 966 1114 1044 πάντες
1134 966 1320 1032 ποιοῦνται.

239 1127 243 1138 .
316 1067 524 1136 Manifestum
545 1079 612 1150 est,
632 1069 738 1134 verbis
758 1073 930 1156 postremis
952 1071 1057 1136 afferri
1076 1072 1228 1145 rationes,
1249 1086 1305 1128 cur
1327 1061 1390 1126 filii

234 1170 377 1256 adoptivi
405 1171 601 1236 hereditates
637 1172 754 1236 adituri
782 1166 993 1250 ἐπιδικασίας
1023 1173 1219 1252 ῖοοὶίῑιιοοις
1247 1187 1390 1254 quosque

232 1273 445 1341 uenatione
470 1282 703 1360 consequantur
730 1271 896 1338 utilitates.
921 1269 1007 1337 iam
1035 1269 1389 1348 veroSehoeuianous,

233 1371 343 1442 rifilii
370 1375 512 1458 adoptivi
533 1375 678 1440 dieantur
701 1377 749 1438 uti
771 1376 896 1440 actione
924 1376 1004 1455 ista,
1033 1381 1069 1437 ut
1095 1371 1344 1456 aliiquieunque
1367 1389 1391 1432 a

231 1476 371 1560 petenda
390 1465 567 1542 hereditate
588 1475 830 1566 prohibeantur,
857 1475 972 1541 falsam
1000 1476 1108 1540 afferri
1132 1474 1290 1552 rationem
1312 1491 1389 1534 coc·

231 1576 346 1646 tendit·
387 1572 501 1662 Neque
530 1579 614 1642 enirn
635 1599 822 1664 quemquam
851 1581 1016 1664 quominus
1044 1599 1115 1640 eum
1141 1572 1209 1639 filio
1236 1573 1388 1657 adoptivo

234 1677 275 1744 de
295 1676 473 1744 hereditate
488 1678 666 1744 decertaret
682 1682 746 1744 iste
765 1667 891 1744 eddone
909 1677 1104 1763 prohibitum
1126 1697 1208 1754 esse,
1230 1675 1387 1760 quinimo

233 1799 306 1842 cum
333 1776 428 1844 fieret
453 1776 648 1847 ἐπιδικασία
678 1789 712 1846 et
734 1788 850 1866 postes
876 1801 970 1867 quem
998 1782 1052 1844 diu
1079 1781 1203 1843 viveret
1229 1775 1334 1840 heres
1353 1779 1389 1838 et

227 1882 478 1966 'quinquennium
496 1890 572 1965 post
594 1884 662 1947 eius
685 1892 821 1947 mortem
840 1880 1005 1968 perleges
1026 1879 1171 1947 erunibus
1191 1879 1290 1942 fuisse
1310 1897 1388 1938 con-

232 1997 359 2046 cessum
379 1989 488 2066 petere
510 1981 721 2048 hereditatem
741 1985 781 2067 *μ
825 1983 910 2049 Tum
938 2007 1015 2051 vero
1037 1986 1135 2049 etiam
1156 1982 1297 2044 dativum
1317 1977 1390 2052 τοῖς

232 2073 454 2170 ἀμφισβητεῖν
472 2080 689 2166 βουλομένοις
715 2093 813 2170 negat
833 2089 879 2150 sic
899 2109 995 2172 posse
1017 2088 1118 2169 accipi
1139 2090 1176 2146 ut
1203 2084 1246 2146 sit
1275 2086 1389 2142 contra

226 2189 401 2268 petitores,
429 2185 564 2268 primurn
587 2185 671 2270 quod
692 2185 753 2250 hoc
773 2196 905 2272 propter
933 2189 1089 2252 sermonis
1119 2184 1226 2270 graeci
1254 2175 1387 2244 eonsue-

163 2293 165 2302 ‘
230 2285 375 2350 tudinem
396 2286 564 2352 dicendum
591 2288 687 2351 fuerit
714 2291 822 2373 potius
847 2286 933 2378 πρὸς
960 2286 1038 2366 τούς
1065 2279 1285 2375 ἀμφισβητεῖν
1305 2284 1389 2364 βου-

231 2383 400 2468 λσμένους,
422 2396 491 2452 tum
507 2389 596 2476 quod
615 2392 644 2454 is
663 2393 715 2476 qui
738 2393 853 2456 dieitur
872 2387 891 2457 ὁ
908 2387 1047 2472 ἐντυχών
1067 2391 1143 2473 ipse
1156 2388 1199 2448 sit
1218 2377 1388 2470 ἀμφισβη-

231 2491 299 2554 τεῖν
323 2487 539 2572 βουλόμενος,
569 2500 605 2554 ut
628 2491 707 2554 haec
734 2514 798 2555 non
826 2495 951 2577 possint
974 2501 1063 2556 recte
1090 2490 1208 2574 opponi
1234 2489 1318 2549 inter
1338 2504 1386 2545 se.

233 2584 357 2662 Quibus
385 2588 628 2654 difficultatibus
653 2598 689 2653 ut
716 2600 910 2672 occurreret,
932 2589 1133 2655 scribendum
1153 2610 1225 2652 esse
1249 2585 1388 2650 coniecit

214 2687 388 2773 particula
406 2686 453 2777 μή
473 2693 593 2755 eiecta:
617 2685 673 2756 ῖνα
695 2681 753 2756 οὖν
774 2688 868 2780 ττοιρά
888 2693 949 2756 τοῦ
967 2687 1154 2770 ἐντυχόντος
1174 2691 1239 2753 τιῦν
1256 2681 1387 2774 κλήρων
1460 2693 1463 2700 “

232 2783 270 2854 αῖ
290 2787 400 2876 λήξεις
420 2794 493 2868 τοῖς·
513 2785 733 2880 ἀμφισβητεῖν
751 2789 968 2875 βουλομένοις
994 2786 1167 2878 γίγνωνται
1187 2797 1249 2854 etc.
1292 2784 1385 2861 Quae

231 2893 279 2956 ric
297 2893 523 2976 interpretetus
545 2901 613 2956 est:
646 2902 685 2956 ut
701 2916 722 2958 σ
744 2891 882 2978 quolibet
903 2894 1010 2978 (etiam
1032 2893 1200 2974 extraneo)
1221 2893 1387 2961 instituam

231 2993 293 3057 due
313 2997 449 3060 aetionis
467 2979 624 3080 1(λήξεως)
636 2995 784 3075 facultas
794 2995 863 3075 fiat
884 2993 1038 3072 ουιυῖέιυτ,
1067 2999 1238 3080 quicunque
1258 3000 1385 3054 couteb-

230 3095 307 3159 dere
335 3097 443 3159 velint.
486 3093 591 3169 Quum
616 3099 680 3160 vim
709 3106 746 3162 ut
771 3100 934 3183 scriptoris
961 3096 1065 3160 verbis
1087 3093 1242 3158 subiicere
1262 3092 1385 3170 liceret,

230 3199 365 3281 sumpsit
384 3195 483 3260 verba
499 3201 579 3274 τοῖς
589 3191 810 3285 ἀμφισβητεῖν
829 3195 1046 3282 βουλομένοις
1062 3199 1108 3260 sie
1130 3218 1201 3259 esse
1217 3193 1386 3258 reserenda

230 3299 362 3363 duarum
378 3300 606 3362 sententiarum
622 3301 712 3382 quasi
733 3299 918 3364 confusione
936 3299 975 3362 ud
995 3294 1089 3386 παρὰ
1108 3300 1168 3362 τοῦ
1186 3291 1386 3377 ἐντυχόντος,

229 3407 266 3462 ut
285 3401 413 3482 proprie
437 3399 604 3463 dicendum
624 3400 721 3463 fuerit
748 3398 801 3464 vel
827 3396 882 3466 ibo
910 3389 1042 3465 οὖνκαὶ
1062 3401 1131 3476 τοῖς
1152 3395 1321 3476 ἐντυχοῦσι
1340 3431 1384 3444 --

228 3502 299 3576 τοῖς
326 3491 546 3586 ἀμφισβητεῖν
573 3499 806 3583 βουλομένοις,
837 3502 888 3566 vel
914 3499 970 3568 ῖνσι
996 3497 1053 3566 καὶ
1077 3493 1171 3585 παρὰ
1199 3499 1261 3563 τσῦ
1291 3495 1384 3563 ἐντυ-

226 3597 343 3680 χόντος
364 3623 406 3656 -ι
425 3602 485 3664 τοῦ
505 3590 726 3688 ἀμφισβητεῖν
745 3602 961 3686 βουλομένου.

245 3796 271 3866 *J
284 3792 335 3846 ,ct
351 3793 424 3844 lsee.
441 3792 475 3845 de
495 3792 617 3850 Nicostr.
642 3793 739 3846 hored.
757 3798 783 3864 ξ,
799 3799 842 3849 ll.
861 3793 943 3849 dacos
965 3794 1016 3848 τοῖν
1033 3789 1176 3863 ἀλλοτρίων
1191 3792 1309 3850 dederes
1325 3785 1382 3858 ἀμ-

233 3939 239 3950 ·
297 3884 432 3950 φισβητιῖν
451 3881 542 3944 ἔξεστι,
561 3879 596 3934 de
615 3878 736 3932 Philoct.
758 3880 856 3934 hored·
877 3883 940 3948 §.a
959 3879 1012 3939 ἰξὸν
1027 3879 1223 3952 ἀμφισβητήσων
1234 3877 1381 3940 Ἀθῖιέαέθν

295 3966 332 4031 τῷ
352 3965 511 4032 βουλομένῳ,
537 3963 683 4042 Denrusth.
709 3967 903 4036 adv.01ynrp.
928 3970 954 4035 ξ.
973 3970 1013 4022 lo.
1040 3970 1066 4019 οἱ
1086 3968 1136 4038 γὰρ
1160 3967 1234 4034 νόμοι
1251 3960 1382 4018 κελεύουσι

294 4048 341 4102 τὸν
357 4047 513 4116 βουλόμενον
536 4047 720 4119 ἀμφισβητεῖν,
756 4055 858 4106 Meier.
876 4060 906 4106 et
924 4050 1053 4105 Schuem.
1072 4051 1107 4106 de
1127 4055 1170 4104 lit.
1195 4050 1250 4099 Att.
1270 4063 1295 4116 p.
1313 4049 1378 4102 463.

232 4145 236 4153 ·
295 4135 339 4189 De
364 4133 548 4202 quinquennii
573 4137 884 4207 praescriptione'vide
914 4155 986 4210 queo
1014 4146 1094 4192 ceute
1121 4143 1150 4188 et
1174 4135 1380 4204 circumspecto

231 4251 240 4266 ·.
294 4218 431 4274 disseruit
443 4217 570 4276 Schoem.
588 4229 734 4291 prooemio
747 4224 783 4276 ad
799 4225 871 4279 lsee.
886 4226 920 4278 de
930 4225 1084 4284 Aristarch.
1094 4220 1186 4276 hored·
1203 4237 1231 4290 p.
1243 4225 1294 4279 432
1305 4240 1382 4296 sqq„

232 4349 237 4356 .
295 4313 396 4368 copim
410 4303 536 4365 Plutuer.
554 4307 590 4366 du
605 4309 655 4364 iit·
672 4315 702 4365 et
718 4312 829 4384 ectalh
847 4329 874 4383 p.
893 4313 953 4376 321.
