3026 4992
573 214 961 330 ...irre-f⁴

153 391 233 479 turn,
254 411 358 483 neque
375 399 409 460 tu
425 401 594 478 paternam
613 395 754 482 unquam
774 385 814 460 ea
835 395 949 482 quaid
968 395 1090 462 liccbst
1098 397 1314 466 noscerem

152 505 228 564 isso.
273 499 364 562 ‘'l'mu
391 493 619 564 Aristarchum¹
632 499 730 560 xdlonc
760 511 942 577 supremum
963 497 1083 564 obiisse
1109 497 1313 566 nmmum

152 605 339 666 etiamtum
361 601 444 667 vivos
487 597 524 664 ld
545 601 631 662 enirn
650 600 678 662 si
703 606 824 662 certum
844 606 931 678 eret,
951 599 1088 680 planum
1106 611 1182 670 erat
1202 603 1312 684 etiarn,

151 719 216 766 non
245 713 358 782 posse
376 699 676 786 alirunqrrempiarn
703 697 745 762 ab
773 699 1311 782 Aristarcho«adoptatumhrisse.

150 801 298 888 Denique
325 799 580 871 Democharern
578 819 728 890 puerum
753 821 825 865 esse
846 809 1025 880 mortuum,
1052 805 1106 886 qui
1124 823 1240 889 neque
1251 805 1310 867 am

151 913 262 1004 optare
281 925 384 990 neque
400 909 625 966 testamentum
637 900 776 966 scribere
794 925 839 966 ex
854 902 978 988 legibus
992 905 1143 983 potuerit.
1186 903 1310 968 Caussa

148 1029 270 1091 rpse
239 1029 272 1068 ι
253 1009 337 1069 attur
354 1003 472 1084 παῖδα,
493 1024 558 1067 ιιοιι
581 993 713 1068 ἄπαιδα
735 1002 902 1068 dicendum
921 1003 1020 1068 luisse
1035 1005 1139 1068 docet.

232 1205 410 1272 Videamus
440 1207 538 1268 etiarn
561 1227 641 1290 quae
673 1205 717 1268 sit
744 1207 845 1268 nostri
871 1203 936 1269 loci
958 1207 1110 1272 conditio.
1153 1203 1310 1288 Apertum
1398 1208 1400 1217 ’

150 1318 218 1391 est,
239 1309 364 1372 Isaeum
391 1307 441 1372 hic
466 1309 513 1370 uti
537 1309 740 1386 peroratione
766 1315 800 1370 et
820 1315 1007 1391 argumenta
1026 1310 1224 1392 gravissima,
1243 1329 1309 1396 quo

149 1414 252 1496 magis
272 1414 305 1475 in
328 1410 465 1473 iudicum
490 1410 603 1472 animis
626 1406 794 1488 haereant,
815 1407 955 1472 breviter
973 1417 1007 1472 et
1021 1413 1202 1474 summatim
1214 1431 1307 1494 repe

148 1522 230 1578 tere.
278 1492 380 1598 Atqui
411 1519 659 1575 consentaneum
689 1515 756 1589 est,
786 1510 819 1572 in
852 1510 1007 1600 eiusmodi
1039 1515 1241 1602 peroratione
1268 1531 1309 1573 ea

147 1617 219 1700 ipsa
243 1615 320 1698 poni
348 1618 551 1696 argumenta,
580 1611 694 1731 quibqs
722 1631 757 1672 re
782 1633 858 1675 vera
885 1633 960 1674 usus
987 1621 1055 1676 erat
1081 1620 1198 1676 orator.
1240 1609 1309 1676 Iam

148 1739 225 1780 vero
250 1737 346 1795 supra
370 1712 480 1780 Isaeus
510 1717 539 1791 ς.
558 1720 589 1774 4.
612 1706 731 1832 ταύταιι
753 1710 790 1776 δὲ
816 1707 968 1789 παιδὸς
995 1704 1248 1794 αποθανόντος,
1272 1721 1307 1778 et

131 1823 177 1898 '§.
201 1822 231 1882 7.
259 1808 460 1905 Δημοχάρης
487 1811 524 1878 δὲ
555 1817 665 1891 παῖς.
691 1805 744 1880 dv
764 1803 948 1893 Ιαἰιιιέθαιε,
979 1812 1081 1877 hoc
1070 1836 1176 1896 ipsum
1202 1822 1306 1898 urget,

142 1939 277 2003 puerum
322 1918 419 1980 etiam
455 1923 523 1979 tum
557 1913 792 1980 Democharem
824 1914 908 1978 diem
953 1936 1133 1996 supremum
1168 1913 1305 1991 obiisse3
1338 1905 1339 1912 ἵ

147 2042 301 2105 nusquam
323 2033 426 2081 aritern
445 2017 506 2082 hoc
526 2016 684 2100 probavit,
705 2039 778 2080 eum
795 2017 866 2079 sine
887 2014 977 2097 prole
996 2017 1192 2081 decessisse.
1217 2024 1305 2080 recte

147 2124 379 2200 orrrnin0,na1n
403 2123 488 2200 prius
509 2123 537 2183 si
555 2119 762 2201 probaverat,
787 2115 923 2180 alterum
942 2139 999 2204 per
1020 2140 1056 2182 se
1066 2115 1205 2199 planum
1225 2126 1305 2198 erat,

147 2223 193 2284 alt
180 2231 249 2285 tero
288 2243 362 2283 vero
395 2220 530 2301 probato
559 2219 820 2306 relinquebantur
855 2223 1063 2301 exceptiones
1088 2221 1306 2305 adoptionum.

146 2321 231 2404 Ergo
263 2319 319 2398 hic¹
345 2342 470 2404 quoque
501 2321 619 2384 illud'
610 2343 725 2405 1psum,
755 2320 839 2406 quod
867 2340 962 2398 supra
992 2318 1202 2404 probaverat,
1235 2327 1336 2384 crat.

148 2420 458 2485 commemorandum
493 2429 529 2484 ut
559 2443 654 2505 supra
674 2418 812 2482 testibus
841 2417 948 2482 allatis
965 2419 1151 2503 probatum,
1180 2419 1305 2484 scilicet
1376 2415 1378 2423 ’

32 2537 44 2546 “
140 2543 275 2614 picorum
297 2543 369 2583 eum
397 2523 583 2596 decessisse.
626 2519 709 2584 Naro
736 2523 782 2583 sic
804 2521 931 2583 demum
957 2519 1019 2584 sibi
1039 2528 1165 2585 constat
1185 2529 1305 2601 orator,

146 2633 180 2688 et
201 2625 358 2686 coutitur
385 2617 683 2710 argumentoqnod
711 2629 780 2686 erat
808 2619 869 2684 hoc
896 2621 930 2684 in
953 2644 988 2686 re
1016 2625 1228 2688 certissimum
1250 2621 1305 2687 fir-

143 2722 390 2811 missimumqu'e'.

227 2927 291 3008 At,
312 2929 454 3013 inquies,
476 2927 682 2996 nihilominus
705 2929 802 2992 etiam
823 2915 955 2990 ιἰἷιταιδα
973 2926 1034 2990 dici
1054 2927 1177 3011 potuit;
1196 2916 1303 3006 ἷιῖπαις
1408 2955 1411 2962 “

144 3033 227 3095 enim
247 3051 310 3092 non
336 3027 439 3092 solum
458 3030 486 3090 is
508 3029 621 3092 dicitur
642 3033 694 3114 qui
717 3033 786 3110 ipse
808 3049 873 3090 non
893 3029 1073 3107 procreavit
1089 3025 1221 3108 liberos,
1244 3029 1302 3091 sed

144 3134 271 3196 omnino
298 3133 352 3215 qui
369 3129 519 3194 heredem
540 3129 696 3193 bonorum
718 3150 782 3192 non
802 3127 940 3212 reliquit.
982 3125 1033 3191 lle
1051 3125 1302 3192 Philoctemonis

144 3242 230 3298 certe
252 3231 429 3294 hereditate
460 3235 489 3309 ᾗ.
512 3237 561 3294 54.
588 3234 633 3311 is,
662 3235 714 3318 qui
734 3236 925 3315 negaverat,
948 3226 1222 3292 Philoctemonent
1246 3228 1302 3316 ad·

144 3343 290 3414 optasse,
313 3335 427 3396 dicitur
451 3331 751 3422 μεμαρτυρηκέναι,
784 3325 829 3408 (ὃς
854 3323 892 3395 οὐ
914 3326 1300 3414 διέθετοψιλοκτήμων,

143 3425 220 3498 ἀλλ’
245 3424 373 3510 ἅπαις
396 3431 584 3522 ἐτελεύτησε
605 3436 658 3517 (cf.
678 3437 774 3498 etiam
795 3433 835 3496 de
852 3431 935 3495 Phil.
952 3431 1018 3494 her.
1038 3435 1066 3509 ξ.
1080 3434 1132 3492 63.
1148 3427 1301 3514 deApol·

142 3533 207 3597 lod.
227 3532 333 3597 hered.
359 3539 482 3617 §.19.);
505 3557 602 3620 quere
627 3537 723 3598 etiarn
747 3525 852 3610 ἷίπαις
866 3531 1086 3596 Demochares
1111 3531 1172 3594 dici
1190 3537 1302 3612 potest

142 3641 285 3698 mortuus
308 3657 389 3700 esse.
433 3634 520 3700 Vere
547 3657 668 3700 mones.
711 3633 825 3722 Neque
845 3642 952 3698 tamen
977 3653 1038 3717 ego
1058 3633 1190 3716 negavi,
1213 3653 1297 3708 eum,

143 3738 196 3822 qui
218 3755 299 3820 puer
327 3739 424 3801 etiarn
450 3740 640 3818 decesserit,
667 3736 762 3801 simul
790 3739 858 3800 sine
885 3732 995 3798 liberis
1019 3717 1214 3806 decessissc3
1240 3733 1300 3796 sed
1328 3797 1339 3838 q

140 3837 202 3901 hoc
224 3839 292 3899 iure
317 3837 430 3901 videor
453 3840 655 3919 contendere,
677 3861 750 3902 eum
765 3841 819 3925 qui
834 3859 918 3922 puer
932 3836 1105 3899 decesserit
1120 3831 1300 3917 significan-

142 3940 206 4003 tius
221 3947 255 4002 et
273 3936 389 4001 melius
411 3938 473 4002 dici
490 3941 621 4014 παῖδα
636 3932 715 4006 ὄντα
728 3937 999 4027 τετελευτηκέναι,
1019 3957 1112 4021 quarn
1128 3925 1259 4001 dcam
1263 3959 1297 4017 α,

141 4042 214 4127 quia
233 4043 392 4122 posterius
420 4041 517 4104 etiam
542 4042 581 4104 de
611 4041 683 4106 aliis
708 4040 818 4106 multis
844 4046 932 4106 recte
955 4039 1096 4118 dicitur,
1111 4038 1166 4123 qui
1188 4044 1297 4109 aetate

140 4146 356 4228 provectiores
376 4143 515 4205 animam
536 4142 765 4228 deposuerunt,
799 4149 832 4206 et
859 4148 946 4208 certe
968 4140 1131 4226 quandam
1146 4136 1297 4224 relinquit

140 4242 396 4330 ambiguitatem,
424 4243 513 4328 prius
538 4243 579 4306 ad
605 4243 703 4310 telem
721 4263 866 4312 caussam
888 4240 993 4309 solum
1013 4247 1064 4308 est
1087 4241 1298 4322 aptissimum.
