3026 4992
657 238 715 257 ...-
772 195 829 276 94
886 237 945 254 ..-

301 374 530 462 sedquoniam
544 373 716 458 disputatio
727 378 838 438 nostra
852 371 1023 459 aliquoties
1037 373 1078 438 ad
1099 393 1156 438 eos
1174 371 1264 440 loeas
1290 374 1376 440 deta-

217 493 277 560 psa
292 482 360 555 est,
380 477 415 542 iu
430 473 544 561 quihus
556 476 711 564 quaedam
727 474 936 554 exoiderunt,
958 475 999 540 da
1013 472 1077 540 alio
1093 473 1236 542 eiusdem
1248 478 1376 560 generis

217 575 290 642 loeo
311 585 474 663 postrema
488 575 661 639 videamus.
702 574 761 640 Est
782 574 839 640 ille

271 708 444 798 Τετραλ.
464 710 512 775 A.
533 709 566 790 β.
592 711 621 787 ξ.
647 713 696 771 12.
718 731 750 794 p.
741 713 829 772 .638
853 729 901 795 sq.
928 704 988 790 ἐμὲ
1013 707 1053 772 δὲ
1079 703 1116 774 ἐκ
1141 708 1208 827 τῶν
1227 713 1375 796 προειρ-

219 799 622 930 γασμένιονγνιῦσεσ66”
581 832 657 874 ουτε
675 797 994 932 εἰτιβογλεῦογτα”
953 831 1029 873 οντε
1044 809 1110 875 τιῦν
1129 799 1168 874 οῦ
1189 807 1375 896 προσηκόν-
1433 856 1435 870 .

219 935 285 976 των
304 903 514 998 ὀρεγόμενον,
541 901 689 975 αλλὰ
648 905 806 976 ταναντία
825 910 950 986 τούτων
971 905 1101 986 naiton
1117 931 1180 992 μεν
1199 907 1255 974 καὶ
1272 907 1376 995 μεγά

219 1005 455 1098 λαςεῖσφοροὶς
476 1003 683 1100 εἰσφέροντα,
705 1007 838 1077 πολλοὶ
860 1009 904 1078 δὲ
926 1010 1269 1100 τριηραρχοῦντα,
1290 1007 1375 1090 λαμ-

218 1111 313 1199 πριῦς
334 1106 372 1175 δὲ
397 1112 618 1233 χορηγοῦντα,
647 1107 834 1190 πολλοῦς
861 1109 907 1177 δὲ
933 1105 1199 1200 ε’ρανίζοντα,
1229 1105 1376 1232 μεγάλας

216 1207 293 1278 δὲ
275 1211 361 1300 νπὲρ
384 1208 556 1277 πολλῶν
540 1207 712 1297 εγγύαςι
678 1203 880 1279 αττοτίνοντα
900 1237 930 1278 ιι.
951 1236 980 1278 τ.
1001 1211 1031 1276 λ.

298 1340 409 1408 Verba
429 1340 576 1422 πολλοσς
596 1343 634 1410 δὲ
654 1325 845 1444 ἐρσνίζοντα
865 1368 929 1411 nou
947 1350 1083 1431 possunt
1105 1365 1169 1408 non
1179 1341 1374 1409 666661166-

216 1446 316 1522 sioni,
339 1466 433 1531 qnam
446 1466 486 1509 aa
500 1441 625 1507 Reiskii
638 1432 764 1531 qhidem
779 1450 917 1532 suspicio
933 1445 1073 1524 πολλοῖς
1085 1445 1189 1533 tollit,
1210 1464 1282 1507 cum
1297 1439 1375 1530 ἐρα-

215 1543 330 1626 νίζειν,
353 1546 465 1632 quod
457 1566 526 1630 rpse
543 1548 660 1626 sensit,
682 1567 746 1611 non
765 1554 876 1632 stipem
898 1549 1066 1628 conferre,
1088 1545 1145 1610 sed
1159 1545 1310 1628 colligere
1332 1545 1374 1606 si-

215 1645 362 1732 gnificet,
389 1648 438 1710 uti
462 1645 618 1710 translato
584 1648 773 1733 tquidem
792 1637 1003 1734 hignifioatn'
993 1669 1026 1711 m
1048 1646 1217 1711 Aeschinis
1239 1646 1348 1708 orat.'
1340 1666 1374 1708 ιιι

216 1747 361 1834 Ctesiph.
390 1751 419 1827 ς.
438 1751 490 1810 45.
515 1742 674 1834 ἐρανίζων
697 1747 890 1836 στεφάνους.
933 1746 1040 1824 Quare
1071 1746 1272 1814 scribendum
1300 1767 1373 1810 esse

215 1869 331 1914 censeo
353 1843 535 1924 πολλοῦς
555 1845 599 1912 δὲ
613 1844 793 1939 Ιε’ροίνονς
813 1844 1084 1938 ἕρανίζοντα,
1104 1850 1200 1935 idque
1214 1871 1253 1913 eo
1270 1849 1374 1932 magis
1488 1925 1490 1932 .

214 1949 498 2015 commendandum
515 1948 656 2030 videtur,
677 1949 763 2035 quod
777 1949 940 2036 Antiphon
957 1950 1036 2015 alias
1053 1973 1177 2038 quoque
1193 1956 1372 2015 accuratam
1392 1949 1398 1963 ¹

214 2059 248 2116 et
265 2049 478 2115 membrorum
496 2051 650 2114 orationis
667 2059 701 2114 at
714 2049 885 2115 verborum
899 2055 1138 2137 responsionem
1155 2073 1257 2137 paene
1273 2052 1371 2115 anxie

214 2153 344 2216 curavit.
372 2151 555 2237 Eademque
572 2152 611 2216 de
628 2175 741 2218 caussa
757 2175 816 2240 pro
838 2149 949 2218 πολλοὶ
971 2152 1009 2218 δὲ
1027 2153 1286 2241 τριηραρχοῦντα
1305 2175 1373 2216 ma·

213 2251 270 2317 lim
291 2247 421 2330 πολλᾶς
445 2249 483 2317 (ie
509 2249 790 2343 τριηραρχίας
815 2254 1087 2344 τριηραρχοῦντα,
1110 2275 1287 2340 quanquam
1306 2277 1371 2320 non

212 2356 342 2440 ignarus
360 2351 470 2418 similit
457 2361 506 2418 ter
520 2353 719 2446 λειτουργεῖν
732 2347 830 2421 οὖδεν
844 2356 929 2419 dioi'
920 2378 953 2419 ιιι
966 2356 1077 2440 fragm.
1083 2353 1201 2440 Lysiae
1214 2377 1259 2418 ex
1266 2351 1374 2420 Bekk.

213 2455 335 2520 Anecd.
327 2478 381 2540 .p.
401 2457 481 2535 155,
503 2459 553 2517 26.
575 2478 605 2520 v.
623 2455 804 2544 λειτοιιργιῦ
818 2459 939 2540 petito,
962 2453 1112 2522 nhiha‘ea
1131 2463 1218 2521 sunt.
1240 2479 1279 2534 ος
1300 2456 1370 2523 λει-

211 2565 271 2620 τοιι
273 2557 361 2643 ργεῖν
372 2554 433 2637 μὲν
450 2547 547 2620 otoo
561 2553 701 2621 πώποτε
714 2554 874 2642 ἐτόλμησε
888 2581 929 2644 τη
914 2555 1054 2624 πόλει.
1095 2555 1192 2622 Praat
1178 2564 1267 2623 terea
1277 2565 1370 2622 tanta

213 2662 265 2718 est
286 2652 429 2717 eiusdem
446 2656 574 2740 generis
596 2653 767 2718 1οοοιιιιιι
758 2676 791 2718 m
805 2655 1033 2742 Antiphonteis
1052 2658 1248 2724 orationibus
1262 2658 1354 2724 mult‘
1329 2667 1370 2724 tr-

211 2755 309 2837 tudo,
332 2760 449 2841 quanta
462 2755 521 2820 vix
532 2755 566 2822 in
579 2753 647 2821 ullo
660 2753 724 2821 alio
739 2758 905 2842 scriptore,
927 2763 1053 2822 oratore
1067 2757 1236 2827 dumtaxat
1248 2759 1370 2829 Attico.

764 2952 810 3021 IL
839 3008 841 3013 ,
944 2999 945 3004 =

290 3086 622 3154 Coniecturae
606 3108 647 3153 ιο
668 3090 859 3174 quaedam
878 3089 1292 3182 Εγεγσείεοςνιειιτσ.

291 3235 519 3322 Fragmentum
533 3241 687 3303 orationis
709 3261 791 3324 quae
812 3239 874 3306 fuit
894 3238 981 3330 πρὸς
1002 3239 1201 3332 Κινησίαν“
1181 3246 1269 3337 οπερ
1294 3255 1367 3320 Φα

207 3331 281 3404 vioe
300 3336 505 3424 παρανόμων
526 3361 571 3402 ex
591 3338 760 3404 Athenaeo
775 3339 851 3406 XII.
871 3364 903 3428 p.
894 3347 991 3407 ..551
999 3342 1051 3408 1).
1074 3346 1295 3435 depromptam
1316 3365 1367 3423 est

209 3434 844 3533 (1161616.31,Η661661ι6ι.76.),6616ιι
868 3453 1088 3529 argumentum
1109 3456 1205 3515 autea
1224 3457 1368 3542 explica·

206 3535 328 3617 bimus,
350 3559 413 3623 qno
438 3543 477 3605 iis
500 3543 624 3625 verbis,
646 3564 727 3632 qaae
750 3543 821 3621 sola
840 3547 980 3612 nondum
1001 3550 1169 3614 emendata
1190 3565 1283 3637 sunt,
1305 3561 1373 3628 lux·

207 3639 367 3702 afferatur.
410 3639 556 3708 Cinesias
581 3643 713 3726 atheus,
735 3667 868 3733 querna
888 3651 1142 3734 oomieispoetis
1164 3674 1262 3744 saepe
1285 3664 1367 3728 mul-
1373 3669 1375 3676 “

181 3755 182 3762 ’
208 3745 338 3824 tumque
358 3743 537 3808 traductum
556 3767 628 3811 esse
648 3751 760 3812 notum
783 3756 836 3814 est
857 3749 918 3833 (61.
939 3748 1372 3846 Η661661ι6111.γ.174)ἱ

209 3844 361 3927 cuiusque
380 3846 507 3942 ignavia
532 3854 626 3934 atqua
651 3848 823 3914 mulierosa
843 3856 877 3915 at
899 3851 1081 3918 efferunate
1104 3865 1217 3926 natura
1236 3863 1337 3925 fere
1327 3886 1361 3930 m

207 3940 408 4028 proverbium
430 3945 558 4031 abiit*)‚
578 3957 782 4016 accusaverat
797 3949 952 4018 Phaniam
969 3957 1125 4042 quendam
1149 3960 1372 4094 παρανόμων,

208 4151 625 4232 11ιγ11660161(21.)ἇιτολ.
639 4165 762 4238 δωροδοιι.
776 4163 803 4235 fl
817 4171 899 4240 20.p.
912 4171 970 4229 ⁶1⁰8.
986 4173 1020 4228 R.
1036 4173 1115 4230 sai'
1095 4196 1131 4230 ων
1147 4175 1323 4244 Κινησίας·
1290 4203 1338 4240 oze
1323 4209 1360 4242 τω

275 4247 434 4316 διακείμενος
456 4251 558 4310 πλείους
578 4253 714 4322 στρατείας
733 4253 917 4329 ἐστράτευται,
945 4256 1020 4318 οῦτοι
1040 4249 1099 4334 περὶ
1120 4261 1171 4314 τῶν
1195 4283 1224 4318 τ
1212 4284 1241 4334 ς
1263 4267 1361 4338 πόλεως

274 4325 484 4414 ἀγανακτοῦσι.
