3026 4992
651 211 940 296 ...nn-.-

210 394 257 460 ιὸ
276 387 394 472 εἰκός
421 391 476 468 Ex
488 391 539 458 inis
553 389 699 460 omnibus
712 390 835 474 elueet,
853 395 1013 458 amtorem
1026 396 1137 470 ιιοιιιο
1154 389 1228 458 leue
1249 391 1291 472 (fla
1307 393 1370 476 19.)

210 516 276 560 nen
297 498 360 560 iam
383 495 424 561 de
449 493 594 581 legibus,
621 496 679 561 sed
702 495 865 581 deaeque
887 491 1109 580 probabilique
1124 491 1214 580 loqui
1233 493 1370 580 ideoque

210 595 310 661 verba
337 597 404 664 οιῦν
425 595 536 682 νόμαια
554 597 620 663 τῶν
639 591 807 684 ὑμετέροιν
828 594 870 658 ed
893 595 1056 682 supeniora
1076 595 1189 658 referri
1209 601 1369 682 oportere,

211 700 400 784 praesertim
421 719 496 762 eum·
510 692 562 764 vel
582 697 633 762 his
652 699 732 784 ipsis
750 692 842 780 ὅμως
856 693 972 781 μέαιοι
990 717 1027 782 ys
1053 692 1125 761 καὶ
1144 691 1187 790 ie
1207 687 1370 764 τούτων

212 791 419 888 πειράσομαι
436 795 578 886 ἐμαυτὸν
600 791 748 866 ἀναίτιοι
768 794 935 876 ἐπιδεῖξαι
953 818 1068 863 nevam
1080 797 1233 876 erationis
1245 803 1370 884 partem

212 922 356 988 quaeque
383 921 456 964 eum
484 898 613 985 legibus
639 905 704 964 non
725 901 791 963 iam
813 895 984 963 cohaereat
1004 899 1112 963 induci
1131 897 1226 963 iaeile
1246 905 1369 986 pateat.

209 1001 332 1088 Aliaig
333 1003 395 1066 itur
418 1008 567 1095 eomuptu
583 1008 677 1082 sunt,
702 999 766 1065 alia
783 1000 981 1065 exciderunt.
1024 997 1162 1064 Codices
1182 1005 1310 1080 ιιιιιιοιι,
1331 1000 1370 1064 ut

210 1125 306 1190 supra
322 1105 413 1184 dixi,
432 1101 514 1168 nihil
530 1101 705 1166 adiumenti
719 1094 872 1183 afferunt,
893 1103 956 1166 nisi
970 1099 1266 1188 quedinnmnibus
1282 1099 1369 1164 Bek-

209 1204 350 1270 kerianis
377 1224 452 1290 pro
464 1194 657 1281 πολλοῖς’
632 1228 674 1269 αν
700 1199 826 1281 ’σωθεις
844 1203 910 1269 τῶν
929 1199 1040 1286 νόμων
1059 1209 1112 1267 est
1132 1200 1273 1279 πολλοῖς
1291 1197 1390 1278 ἔλας’

210 1301 336 1383 σωθείς
342 1307 385 1390 *)‚
402 1303 488 1390 quod
501 1301 585 1372 ¹nihil
599 1301 686 1367 aliud
700 1324 771 1368 esse
787 1305 881 1368 eredo
896 1323 990 1391 quam
1007 1301 1079 1391 ἐμοὶ
1097 1297 1238 1380 nauata:
1257 1301 1368 1368 littera

211 1409 295 1472 enim
316 1411 347 1472 Σ
363 1427 407 1472 ex
429 1427 564 1492 eaquae
584 1408 727 1493 sequitur
740 1409 771 1468 Σ
784 1413 860 1470 ιιιιιιι
875 1413 944 1487 est,
966 1413 1074 1472 uetera
1088 1412 1197 1469 autem
1215 1411 1290 1468 eunt
1308 1425 1368 1490 pan

208 1508 448 1574 similitudinem
462 1507 643 1572 litterarum
658 1507 840 1592 depravatu.
884 1507 950 1572 Sed
966 1507 1047 1572 haee
1067 1511 1241 1594 sumpturae
1263 1507 1368 1570 diver·

209 1612 289 1674 sitas
309 1610 351 1673 ad
370 1608 495 1696 reliqua
513 1608 698 1694 corrigenda
722 1607 838 1672 nullius
869 1615 920 1673 est
941 1613 1114 1690 momenti,
1141 1630 1242 1696 quae
1252 1627 1297 1671 ex
1325 1609 1368 1702 iis

209 1733 290 1798 qnae
308 1712 581 1796 disputavimus
555 1719 602 1774 ιιιο
619 1710 687 1773 fere
703 1709 904 1776 resarcienda
923 1733 994 1775 esse
1012 1714 1224 1834 suspieamur:
1246 1695 1369 1778 οὑτωσὶ

206 1811 269 1897 μὲν
282 1810 322 1901 a)
338 1811 478 1890 πολλοῖς
498 1807 573 1897 ἐμοι
594 1809 719 1890 σωθεὶς
737 1809 779 1878 ἐκ
798 1813 866 1877 τῶν
882 1807 992 1896 νόμων
1008 1814 1074 1878 τῶν
1085 1806 1253 1900 ὑμετέροιν
1271 1804 1368 1898 περὶ

208 1915 286 1980 τοῦ
319 1908 487 1990 εἰκότος
522 1908 581 1976 καὶ
607 1914 668 1977 τοῦ
695 1908 828 1979 δικαίου
856 1911 1048 2003 καθέστηκα
1077 1908 1187 1991 εἰς
1150 1935 1209 1978 τοι
1236 1903 1366 1996 ἀγῶνα·

209 2011 301 2100 ὅμως
326 2011 440 2098 μέντοι
466 2036 503 2100 γε
530 2008 588 2078 καὶ
612 2010 649 2080 ἐκ
677 2010 804 2079 τούτων
824 2013 1033 2104 πειράσομαι
1051 2011 1195 2100 ἐμαυτὸν
1216 2005 1367 2080 ἀναίτιον

207 2113 390 2194 ἐπιδεῖξαι,
412 2122 449 2179 ut
466 2115 518 2180 hie
532 2135 645 2178 sensus
660 2116 721 2178 sit:
742 2117 791 2180 ite
803 2115 914 2181 multis
927 2139 988 2201 ege
1003 2117 1044 2181 de
1058 2119 1179 2181 caussis
1193 2115 1367 2181 seeundum
1453 2127 1458 2136 '

207 2219 296 2304 leges
314 2225 436 2282 vestras
456 2215 551 2301 eulpa
566 2235 682 2280 vacans
704 2217 771 2281 iam
794 2217 835 2282 de
842 2217 1009 2303 probabili
1019 2239 1181 2304 aequeque
1201 2218 1234 2281 in
1248 2218 1366 2281 iudicio

209 2321 315 2386 ιιίαοιιι
339 2325 468 2384 coaetus
489 2337 576 2382 sum:
597 2324 705 2381 tamen
726 2339 772 2383 aa
785 2318 834 2383 his
848 2341 968 2406 quoque
982 2342 1032 2384 me
1050 2341 1122 2386 esse
1138 2324 1296 2386 insontem
1311 2321 1368 2384 de·

207 2427 385 2487 monstrare
399 2418 547 2484 studebo.
576 2416 644 2483 Iam
660 2421 805 2484 videmus
817 2419 917 2486 verbu
937 2419 995 2488 καὶ
1013 2419 1051 2488 ἐκ
1067 2419 1194 2490 τούτων
1208 2429 1242 2487 et
1257 2443 1367 2487 nunne-

207 2539 280 2588 ιιιιιι
298 2521 454 2608 pluralem
474 2518 599 2586 τούτων
619 2520 739 2584 habere
760 2543 822 2609 que
843 2517 1033 2588 referantur

289 2651 441 2717 Eiusdem
460 2657 539 2714 orat.
562 2653 591 2729 ξ.
612 2653 662 2713 85.
684 2672 715 2734 p.
737 2653 808 2715 750.
838 2645 902 2718 ὅσα
922 2678 984 2736 μεν
1005 2644 1065 2722 οὖν
1082 2651 1120 2722 ἐκ
1140 2657 1206 2723 τῶν
1225 2621 1368 2748 κατηγο-

206 2749 578 2879 μηθὲιτωνμέμνημαι,
601 2776 628 2816 ιο
614 2739 783 2841 ανδρες,
806 2743 1071 2845 απολελόμημαι.
1100 2745 1157 2839 οἶι
1158 2782 1216 2824 ιαι
1235 2756 1278 2825 δε
1298 2756 1367 2824 καὶ

206 2855 317 2942 ὑμῶν
338 2846 722 2974 ἀποψηφίσασθαι.
743 2846 848 2920 ταυτα
869 2876 932 2945 γαρ
954 2853 1015 2940 ἐμέ
1034 2880 1070 2923 τε
1091 2856 1190 2940 σωζει
1209 2857 1267 2926 καὶ
1287 2853 1366 2980 aipein

207 2956 333 3052 οόμιμα
354 2951 410 3020 καὶ
430 2944 552 3041 εὔορκα
572 2949 726 3041 γίγνεται.

245 3087 385 3152 Haeo
410 3092 558 3172 cenupta
576 3093 632 3151 eut
647 3109 760 3154 manea
773 3109 845 3154 esse
860 3096 1004 3174 apertum
1020 3096 1079 3154 est.
1104 3090 1328 3217 Stephanus
1318 3116 1368 3158 m·

206 3190 393 3278 tegrandam
415 3191 591 3254 orationem
613 3192 660 3254 sie
673 3192 803 3270 statuit,
824 3197 862 3254 ut
880 3183 1062 3278 legeret
1028 3185 1125 3277 οιμαι
1143 3191 1182 3261 δὲ
1201 3193 1259 3261 καὶ
1277 3189 1367 3284 ὑμᾶς

205 3292 300 3381 ἡμῶν
319 3283 618 3380 αιιοψηφισεοθαι.
660 3288 707 3352 At
730 3312 770 3352 ea
782 3312 864 3376 quae
880 3300 1055 3392 sequuntur
1076 3296 1192 3361 decent
1203 3305 1273 3363 orat
1275 3321 1365 3366 orem

207 3395 394 3474 ostendere,
423 3411 549 3466 necesse
573 3411 640 3456 esse
663 3413 699 3456 se
720 3390 901 3457 absolvant:
929 3384 1044 3459 iisdem
1067 3400 1151 3461 enim
1170 3419 1207 3463 se
1229 3397 1365 3486 absolvi,

205 3515 287 3581 quae
309 3495 430 3558 iudices
450 3493 652 3558 iureiurando
677 3491 933 3560 confirmaverint
953 3503 989 3560 ιιι
1014 3505 1125 3562 saneta
1145 3508 1272 3587 essentt
1294 3506 1365 3589 qui·

204 3596 405 3682 busquidem
424 3594 516 3680 leges
533 3593 701 3680 signifieat.
742 3594 855 3683 Itaque
868 3598 995 3662 videtur
1014 3599 1184 3684 legendum
1199 3625 1287 3670 esse:
1310 3595 1363 3671 οἶ-

171 3695 174 3702 *
204 3721 269 3782 μαι
290 3687 326 3764 δ’
340 3686 452 3762 εἶναι
470 3689 585 3778 ὑμῶν
606 3687 918 3786 ἀποψηφίσασθαι
938 3707 1016 3786 puto
1032 3722 1108 3766 vero
1121 3709 1264 3772 vestruni
1264 3726 1362 3793 esse,

205 3807 243 3864 ut
260 3821 312 3864 me
326 3795 512 3862 absolvatis.

210 3988 213 3996 .
289 3925 434 3993 orans.
455 3922 535 4016 περὶ
552 3930 614 3996 τοῦ
630 3933 839 4019 xopevvouii.
861 3936 893 3997 3.
920 3956 953 4018 p.
975 3936 1046 3998 762.
1075 3929 1224 4060 rjpoeiptue,
1246 3873 1361 4012 μέντοι

203 4052 242 4120 pe
259 4025 319 4096 καὶ
337 4023 415 4112 ὑμῖν
432 4031 505 4107 τοῖς
521 4029 692 4109 δικασταῖς
712 4030 792 4123 περὶ
812 4032 943 4101 πολλοῦ
963 4024 1107 4104 εἶναι
1067 4061 1129 4118 τας
1148 4026 1287 4123 φονικὰς
1307 4023 1361 4096 δι’·

203 4267 229 4335 *)
240 4261 419 4318 Nouissimas
428 4259 609 4332 Antiphontis
624 4265 727 4334 editur,
746 4269 938 4339 Maemnems,
956 4285 993 4327 ex
1004 4271 1101 4326 codice
1115 4267 1271 4321 oxoniensi
1282 4267 1362 4323 dedit

256 4349 374 4412 ,πολλοῖς
390 4349 557 4412 ιιαοοοιθεις.
590 4351 727 4414 Ειιὲιοιιι.
