3026 4992
634 193 953 282 -ldb-

205 371 278 450 lino
290 365 467 462 rsiiptn'rae
485 379 705 462 discrepantia
715 375 758 443 ab
784 379 910 444 editors
930 363 1111 528 nrpeubdo
1136 365 1258 446 ihil*
1238 371 1376 516 morsu

209 504 283 550 esse
303 483 433 550 dictum
599 521 603 531 ·
728 527 731 534 -
754 525 758 534 -
1016 538 1019 550 ,
1356 519 1370 538 .

209 635 244 692 ³
291 670 373 742 Ibidss
396 643 425 757 ς.
444 684 501 744 26.
537 666 698 800 ἀπέδειξα
723 669 761 744 δ’
781 669 858 761 δμῖν
885 639 1082 799 Κυρωνίδην
1110 673 1171 756 μὲν
1206 669 1264 740 τὸν
1291 671 1373 737 τού-

208 803 275 852 των
293 777 423 868 πατέρα
446 773 623 867 ἐκποίητον
644 777 817 865 γενόμενον
836 775 894 844 καὶ
914 771 973 842 οὐκ
992 767 1272 842 έπανελδόιπα’
1243 782 1291 850 εις
1312 769 1375 836 τὸν
1492 777 1493 784 ’

208 881 369 971 πατρῷον
397 869 505 958 οἷκον,
534 875 593 945 τδν
615 879 652 946 δὲ
679 879 809 970 πατέρα
830 875 887 945 τὸν
911 873 1107 968 Κυρονίδου
1127 872 1184 940 καί
1208 876 1266 962 τῆς
1288 871 1375 958 εμῆς

208 977 334 1108 μητρὸς
359 975 554 1070 Δημοχάρει
581 981 629 1065 τῶ
653 975 716 1068 υἱῷ
744 983 860 1045 τοῦτον
891 974 949 1044 τδν
981 977 1044 1064 nep
1022 1002 1103 1098 ηραν
1133 970 1373 1054 καταλιπόντα,

208 1083 334 1152 ἐκεῖνον
354 1080 392 1148 δὲ
418 1071 618 1151 δίπαιδα’
607 1072 686 1146 ὄντα
715 1078 848 1167 τελευτί
851 1102 954 1146 σαντα
974 1076 1031 1144 καί
1054 1073 1101 1156 εἷς
1119 1075 1178 1165 την
1198 1073 1280 1163 iperio
1303 1099 1372 1163 μη-

208 1183 290 1277 τέρα
313 1183 429 1250 τοῦτον
449 1180 507 1248 τὸν
527 1181 591 1269 κλῆ
577 1205 650 1274 ηραν
668 1179 926 1270 ἐπιγιγνόμενον.

178 1399 181 1410 ’
207 1371 209 1378 ’
292 1377 396 1448 Miror
411 1379 575 1465 prolecto,
595 1382 754 1445 neminem
776 1380 850 1446 dum
874 1379 1015 1444 adhaec
1039 1377 1225 1452 offendisse3
1248 1363 1318 1440 nam
1341 1381 1370 1440 si

210 1485 287 1572 quid
307 1483 421 1562 video,
440 1490 507 1545 tam
529 1502 661 1546 caussae
679 1484 779 1563 ipsius
801 1483 883 1546 ratlo
903 1503 997 1566 qnam
1017 1489 1087 1545 tota
1108 1481 1261 1544 orationis
1276 1475 1369 1542 huius

209 1584 420 1666 conformatio
441 1581 549 1648 παῖδα
568 1583 676 1667 potius
696 1585 860 1669 requirunt
875 1605 970 1670 quam
985 1574 1127 1650 δίπαιδα.
1163 1579 1219 1662 Ac
1234 1585 1369 1668 primum

208 1671 366 1770 qudem
357 1703 461 1770 rpsam
482 1703 626 1746 caussam
646 1683 889 1772 explicabimus.
1151 1694 1154 1700 '

294 1885 499 1954 Aristarchus
533 1887 661 1972 quidam
693 1887 772 1958 dues
802 1875 960 1962 habuerat
987 1879 1091 1967 filios,
1119 1875 1310 1969 Cyrenide'rrr
1334 1889 1370 1948 et

206 1983 465 2070 Democharem‚
500 1989 642 2074 duasque
673 1985 767 2052 filias.
825 1985 1000 2071 Cyr'onides
1035 1977 1207 2073 adoptatus
1237 1993 1306 2050 erat
1334 1988 1369 2050 iu

123 2143 125 2153 1
208 2085 394 2158 Xenaerr'eti
414 2089 552 2152 domum.
593 2087 779 2163 Aristarcho
801 2091 898 2173 igitur
921 2097 1047 2153 mortuo
1074 2086 1163 2152 solus
1189 2087 1370 2156 Democha-

209 2213 262 2256 res
284 2190 378 2256 he'res
402 2200 555 2276 paternae
575 2187 761 2254 hereditatis
782 2189 1036 2277 relinquebatur3
1049 2185 1259 2260 ‚Demochare
1283 2191 1369 2255 enim

209 2294 283 2357 vivo
305 2313 373 2386 nnou
394 2291 513 2357 licebat
532 2291 629 2358 alium
658 2293 836 2379 quempiam
859 2293 1004 2374 adoptari
1027 2290 1068 2356 ab
1089 2290 1274 2356 Aristarcho
1308 2289 1368 2375 (of.

212 2398 241 2474 i.
266 2397 297 2458 9.
330 2388 464 2481 γνησίου
500 2392 565 2484 peip
594 2385 688 2471 berec
722 2386 813 2480 αὐτῷ
845 2388 1066 2484 Δημοχάρους
1098 2387 1188 2470 υἱέος
1223 2383 1296 2456 οὔτ’
1327 2383 1368 2456 δν

207 2489 366 2576 ἐβούλετο
385 2497 489 2560 ταῦτα
507 2495 705 2584 διαπρᾶξαι,
725 2487 800 2562 oilae
818 2493 895 2582 ἐξῆν
906 2497 1025 2562 δοῦναι
1037 2493 1083 2560 τὰ
1101 2488 1225 2561 ἑαυτοῦ
1238 2487 1369 2582 ἑτέρῳ).

116 2635 117 2638 ¹
210 2589 430 2672 Demochares
444 2604 565 2658 autem
594 2596 702 2677 paullo
725 2604 800 2680 post
829 2618 911 2680 puer¹
938 2597 1040 2673 adhuc
1066 2597 1213 2678 decessit.
1232 2649 1235 2657 .
1251 2594 1369 2684 ,Pueris

207 2713 287 2778 'vero
314 2712 379 2758 non
405 2701 475 2758 erat
501 2693 627 2760 licitum
648 2719 753 2784 neque
785 2705 1012 2763 testamentum
1029 2695 1168 2763 scribere
1186 2719 1290 2784 neque
1314 2697 1371 2769 ad·

164 2828 165 2837 δ
207 2800 321 2878 optare
363 2793 416 2877 (cf.
437 2799 466 2874 ᾗ.
493 2801 541 2860 10.
573 2793 698 2876 παιδὸς
716 2791 862 2887 γὰρούκ
883 2793 991 2878 ἔξεστι
1007 2795 1173 2886 διαθήκην
1194 2797 1371 2884 γενέσθαι·

210 2890 314 2982 δνᾶρ
342 2891 444 2977 νόμος
465 2895 649 2986 διαρρι’δην
676 2894 797 2966 κωλύει
820 2897 920 2968 παιδί
944 2898 990 2988 μὴ
1022 2897 1149 2984 ἐξεῖναι
1156 2897 1370 2986 αιμβάλλειν

205 2991 293 3083 μηδὲ
316 2994 444 3082 γυναικί
459 2997 548 3086 πέρα
567 2995 728 3084 μεδίμνου
748 3005 887 3091 κριθων.
930 3003 969 3068 cf.
998 3004 1038 3067 de
1053 3011 1187 3088 utraque
1203 3014 1263 3067 rel
1254 2997 1368 3063 Melet

211 3103 246 3161 et
261 3095 410 3161 Schoem.
430 3096 489 3168 l..l
512 3123 542 3186 p.
563 3105 649 3186 438).
692 3103 761 3168 Iam
774 3103 977 3170 Demochare
1003 3106 1169 3171 demortuo
1190 3109 1247 3169 aut
1264 3101 1370 3164 redire

209 3195 353 3284 debebat
372 3196 584 3282 Cyrenides
575 3225 609 3267 m
631 3205 759 3270 domum
787 3214 990 3290 paternam,
989 3205 1102 3277 relicto
1115 3203 1243 3290 herede
1260 3223 1304 3266 ex
1321 3199 1377 3270 le-'

207 3301 320 3385 gitimo
344 3300 534 3364 connubio
525 3305 625 3384 ipsius
655 3313 820 3386 procreato
848 3308 963 3373 domus
993 3310 1062 3371 cius
1091 3308 1125 3368 iu
1146 3325 1239 3389 qnam
1264 3303 1371 3380 fuerat

208 3402 382 3484 adoptatus
410 3403 463 3484 (ef.
488 3403 527 3468 de
541 3403 688 3478 ‚Philoct
708 3405 817 3484 hered.
839 3414 868 3488 ς.
893 3417 945 3474 44.
977 3402 999 3474 6
1022 3403 1086 3496 ηδρ
1113 3403 1215 3490 νόμος
1242 3397 1302 3470 οὐκ
1325 3402 1369 3494 ἐρ

209 3497 384 3572 ἐπανιέναι
391 3551 401 3580 ,
434 3501 493 3573 ἐὰν
513 3503 559 3594 μη
582 3501 656 3573 vido
679 3505 848 3599 καταλίπῃ
875 3509 1036 3597 γνήσιον),
1069 3513 1125 3570 aut
1148 3509 1182 3590 si,
1199 3507 1235 3572 id
1261 3507 1368 3590 facere

201 3599 331 3686 nollet,
359 3609 429 3666 tota
446 3603 619 3680 heredites
651 3611 834 3694 pertinebat
858 3615 900 3678 ad
923 3610 1131 3677 Democharis
1159 3630 1286 3677 sorores
1314 3607 1367 3690 (ct.

209 3699 315 3776 Meter
342 3711 377 3766 et
403 3701 551 3769 Schoem.
573 3707 637 3774 ll
660 3734 692 3796 p.
718 3715 822 3794 441,)‚
851 3735 981 3801 quarum
1005 3732 1077 3776 cum
1104 3710 1206 3776 altera
1236 3718 1270 3793 et
1296 3711 1367 3790 ilis?

210 3811 279 3868 tum
299 3805 384 3869 diem
407 3806 472 3868 iam
500 3806 635 3874 obfisset
655 3834 853 3894 supremum,
885 3813 956 3878 sola
980 3812 1219 3898 relinquebatur
1248 3807 1364 3874 actoris

210 3912 314 3970 rnater
334 3899 514 3994 ἐπίκληρος
538 3907 596 3976 ἐπί
627 3911 728 3979 παντί
755 3918 803 4001 τῷ
835 3908 914 4000 οίκηι
957 3914 1013 3998 (cf.
1048 3919 1201 3979 orationis
1236 3915 1366 3974 nostrae

212 4011 240 4086 ς,
257 4013 313 4083 4.).
336 4004 463 4086 'Actor¹
476 4010 575 4093 igitur
598 4011 787 4094 probaturus
817 4016 1031 4099 hereditatem
1051 4016 1091 4080 eb
1112 4007 1296 4080 Aristarcho
1314 4029 1366 4071 re-

161 4119 163 4126 ’
211 4105 321 4170 lictam
346 4107 387 4168 ad
411 4117 546 4176 matrem
574 4137 664 4178 suam
686 4120 876 4198 pertinuisse
904 4117 984 4183 haec
1011 4116 1148 4184 debebat
1174 4112 1366 4176 testimoniis

210 4205 318 4274 allatis
339 4209 563 4292 comprobare:
588 4213 778 4300 Cyrenidem
797 4223 832 4284 iu
854 4219 952 4287 aliam
966 4222 1098 4286 'dommi
1114 4207 1212 4299 fuisse
1233 4213 1367 4298 adopta-
