3030 5002
642 240 693 254 -·
755 193 955 276 264-

299 368 343 437 Vj
364 376 434 436 551.

318 485 444 570 σχίζετο
469 478 504 548 δ’
532 474 680 570 ἁλμυρὸν
703 467 803 567 οἶδμα
825 484 926 549 ποτὶ
951 476 1122 575 κρατερῇσι
1143 477 1307 575 χέρεσσαΙ
1387 477 1391 482 ’

216 589 291 656 Nori
304 599 383 658 setis
397 591 543 676 intelligo
555 589 644 656 ποτί.
666 589 717 654 De
728 599 871 673 natante,
886 594 940 678 qui
955 593 1194 676 undiqueundis
1208 595 1388 660 circumda-

214 689 270 757 ‘tus
292 694 440 773 alluitur,
461 693 562 757 multo
580 691 813 778 significantius
836 699 886 756 est
909 685 1205 782 περθκηατεηῇσι
1222 695 1389 785 χέρεσσιν.

319 802 363 868 V.
393 807 464 870 557
492 823 560 887 sqq.
669 803 784 868 πολλοὶ
807 803 844 869 δὲ
868 806 942 889 μὲν
967 800 1055 870 ἔνθα
1080 807 1136 871 καὶ
1162 803 1251 872 ἔνθα

383 901 586 993 σβεννύμενα
611 901 813 992 σμαράγιζον
838 908 900 972 loo
925 902 1060 974 πόντοιο
1083 907 1243 994 κεραυνοί.

218 1010 404 1079 Consociari
435 1015 509 1079 h.1.
538 1036 602 1077 non
626 1022 776 1095 poterant
796 1014 973 1100 particulae
1004 1015 1049 1081 de*
1067 1017 1153 1100 μέν.
1196 1019 1288 1096 Quod
1309 1038 1387 1102 per·
1494 1031 1495 1070 l

216 1099 553 1200 spiciensSpitznerns
573 1099 594 1177 l.
614 1136 641 1178 c.
661 1137 691 1198 p.
715 1095 806 1180 1l74.
829 1111 965 1180 πολλοί
985 1137 1029 1201 ηε
1044 1115 1106 1198 μέν
1127 1121 1271 1182 coniecit.
1316 1117 1387 1182 Sed

186 1231 191 1238 “
218 1217 366 1301 equidem
394 1225 558 1302 praestare
586 1219 766 1300 putaverim
787 1211 910 1281 πολλοὶ
931 1214 968 1280 δὲ
994 1209 1085 1301 μέγ’
1114 1211 1201 1283 ἔνθα
1220 1215 1276 1282 καὶ
1296 1213 1387 1285 ἔνθα

135 1397 140 1411 Ι
218 1322 297 1405 etc.;
321 1325 387 1381 tum
405 1316 491 1404 μέγα
512 1318 766 1402 coniungendam
784 1323 835 1379 est
856 1339 927 1380 cum
945 1315 1044 1380 verbo
1066 1299 1277 1406 ὂμαηάγιζον.
1364 1325 1369 1338 “

301 1595 382 1677 llis,
404 1619 484 1684 quae
499 1597 661 1684 hucusque
678 1600 717 1662 de
731 1599 863 1684 singulis
880 1594 996 1674 Quinti
1004 1600 1086 1663 locis
1101 1600 1188 1662 vario
1199 1600 1295 1665 modo
1310 1623 1386 1665 eor-

216 1698 319 1780 ruptis
343 1699 505 1779 disputata
528 1710 619 1780 sunt,
641 1701 780 1764 adiicere
804 1704 868 1768 iam
887 1701 995 1786 placet
1011 1700 1141 1764 brevem
1163 1703 1386 1784 quaestionem
1494 1717 1495 1774 ζ

219 1795 259 1858 de
277 1798 429 1884 singulari
448 1801 647 1885 corruptelae
667 1823 805 1885 genere,
836 1825 916 1887 qua,
935 1810 972 1867 ut
990 1824 1101 1867 verum
1124 1802 1256 1879 fatear‚·
1278 1801 1383 1866 multo
1494 1803 1495 1876 J

220 1900 348 1982 saepius
369 1909 467 1984 poeto
484 1903 674 1986 depravatus
696 1924 768 1966 esse
791 1903 869 1966 mihi
884 1905 1024 1983 videtur,
1047 1924 1139 1988 quam
1153 1904 1193 1964 iis
1214 1903 1300 1964 visus
1321 1909 1384 1981 est,
1494 1955 1495 1964 ,

199 1985 274 2082 ‘qni
297 1998 400 2064 adhuc
424 2001 463 2064 de
486 2023 526 2065 eo
545 2005 747 2087 scripserunt.
775 2001 939 2066 ‘Laconas
963 2005 1034 2067 dico
1055 2008 1146 2066 unius
1172 2011 1231 2064 aut
1244 2003 1386 2085 plurium
1494 2001 1495 2072 ἶ

219 2091 379 2180 versuum,
401 2124 531 2188 querum
551 2125 623 2166 cum
641 2102 780 2189 aliquam
799 2110 923 2186 partem
946 2103 1132 2185 Tpcdscnim
1152 2103 1298 2166 codicum
1321 2124 1384 2186 ope

220 2199 400 2284 expleverit
421 2205 501 2286 (vid.
518 2204 653 2290 praelat.
668 2227 699 2289 p.
714 2202 820 2288 Cli),
842 2211 964 2268 restare
981 2214 1088 2268 tamen
1108 2202 1186 2265 mihi
1203 2205 1298 2265 etiam
1312 2202 1387 2286 plu·
1410 2235 1412 2240 v

200 2359 202 2366 Α
217 2322 270 2364 res
284 2304 447 2384 videntur,
469 2327 563 2390 quam
576 2289 659 2391 ques
668 2304 753 2368 idem
773 2307 807 2368 in
821 2305 954 2391 praefat.
971 2328 1003 2389 p.
1021 2302 1142 2366 XCVI.
1158 2323 1325 2385 superesse
1336 2301 1387 2365 in-

219 2399 348 2467 dicavit.
390 2408 421 2468 ls
436 2413 560 2487 autem,
596 2407 650 2492 qui
673 2427 773 2490 nuper
792 2405 875 2470 hune
896 2428 1021 2492 quoque
1041 2403 1146 2468 locum
1166 2405 1292 2486 attigit,
1319 2401 1388 2466 Bo-

218 2507 334 2568 nimius
347 2503 368 2566 l.
385 2527 411 2568 c.
429 2511 527 2585 1242,
549 2514 583 2570 et
593 2509 739 2590 parciora
751 2527 847 2590 super
864 2528 902 2569 ea
917 2529 951 2570 re
968 2508 1113 2590 scripsit,
1135 2511 1169 2568 et
1181 2506 1311 2571 omnino
1328 2527 1388 2568 ae·
1494 2535 1495 2538 ¹

218 2622 276 2683 gre
298 2609 421 2668 tantum
443 2605 504 2667 sibi
526 2606 719 2690 persuadere
735 2608 855 2690 potuit,
882 2620 992 2668 versus
1009 2604 1060 2667 hio
1076 2602 1142 2666 illic
1158 2605 1189 2666 in
1209 2601 1329 2677 Quinto
1342 2603 1384 2667 li·
1494 2593 1495 2598 ἵ

218 2699 533 2790 irrariorumineuria
549 2708 686 2782 omissos
703 2727 785 2790 esse.
813 2707 862 2768 lta
876 2705 995 2768 factum
1011 2712 1077 2782 est,
1100 2712 1137 2767 ut
1153 2711 1187 2766 et
1203 2703 1292 2766 locos
1307 2702 1385 2767 ala·

219 2823 319 2865 cunae
335 2806 514 2888 suspicione
534 2807 694 2870 vindicare
716 2807 875 2883 studeret,
895 2806 928 2866 in
950 2802 1063 2889 quibos
1080 2807 1291 2889 apertissrrma
1309 2813 1386 2870 sunt

123 2933 128 2937 ·
220 2903 364 2966 defectos
385 2905 502 2968 indicia
525 2907 566 2989 (l.
588 2911 649 2969 50³
665 2928 733 2992 sqq.
760 2909 811 2970 lX.
833 2912 874 2968 44
889 2911 972 2990 sq),
1002 2914 1039 2969 et,
1056 2905 1076 2968 l.
1092 2929 1119 2969 c.
1135 2928 1165 2989 p.
1186 2909 1276 2967 1228.
1300 2905 1384 2971 hanc

211 3007 440 3087 ‘pronuntiaret
457 3009 666 3070 sententiam:
691 3007 870 3088 „lacunam
889 3013 1030 3096 statuere
1051 3009 1083 3070 in
1099 3007 1208 3091 primis
1223 3004 1324 3068 tribus
1340 2993 1384 3068 'li-

218 3102 286 3167 bris
316 3127 334 3168 e
359 3107 469 3170 codiee
490 3105 679 3172 Monacensi
702 3109 743 3171 ad
767 3110 985 3190 integritatem
1006 3109 1164 3170 restitutis
1189 3127 1383 3190 magnopere

219 3204 472 3270 dubitabimus.“
514 3211 549 3272 Id
563 3230 641 3293 uero
661 3211 740 3272 mire
756 3207 940 3272 conclusum
954 3214 1014 3270 est.
1059 3204 1154 3280 Quod
1176 3210 1260 3269 enim
1282 3229 1325 3270 ex
1342 3231 1383 3273 eo

218 3302 301 3368 libro
335 3308 456 3390 aliquot
480 3307 562 3370 locis
577 3307 722 3371 'feliciter
748 3307 881 3372 lacunae
913 3308 1066 3393 expletae
1096 3313 1188 3384 sunt,
1223 3308 1382 3391 quomodo
1494 3391 1495 3394 Ἴ

151 3447 154 3455 -
217 3407 292 3470 inde
315 3411 474 3493 sequitur,
509 3407 646 3472 omnibus
665 3407 745 3471 locis
766 3409 800 3470 id
820 3409 959 3487 factum,
986 3429 1089 3493 neque
1111 3407 1211 3469 ullum
1230 3411 1294 3471 iam
1307 3408 1384 3473 reli·

220 3515 306 3568 ctum
326 3531 414 3589 esse,
436 3507 491 3572 ubi
507 3508 625 3594 aliquid
640 3510 753 3574 deesse
768 3514 921 3595 suspicari
935 3507 1059 3596 possisi
1101 3507 1143 3568 Et
1164 3507 1341 3591 refragatur
1351 3511 1383 3576 ei
1494 3529 1495 3568 ῖ

218 3609 361 3691 opinioni
380 3611 450 3692 ipse
466 3607 609 3689 Monac„
639 3613 748 3695 qui-et
766 3609 838 3674 aliis
859 3610 954 3674 rebus
977 3609 1116 3693 imperiti
1133 3606 1256 3670 scribae
1276 3609 1384 3691 prodit
1494 3597 1495 3646 i

217 3705 445 3790 negligentiam
466 3711 525 3792 (eo
541 3713 643 3773 maior
660 3710 855 3776 autem'libri
869 3717 938 3795 erat
952 3708 1158 3788 auctoritas),
1168 3717 1208 3770 et
1222 3708 1382 3772 interdum

216 3804 269 3869 vel
292 3830 331 3870 ea
356 3812 494 3889 omittit,
517 3814 652 3896 quaein
670 3810 788 3877 Aldina
808 3811 966 3894 leguntur.
1006 3810 1132 3892 Integer
1156 3829 1266 3872 versus
1285 3811 1318 3868 in
1339 3829 1380 3870 eo
1446 3853 1452 3861 x

218 3906 417 3973 desideratur
437 3913 501 3974 ΧΠ.
517 3917 612 3974 294·
643 3945 645 3948 ·

380 4000 517 4075 τοῦνεκα
539 4005 651 4100 ῥηιδίη
672 4012 733 4096 μὲν
754 4009 788 4089 ἐς
809 4003 974 4098 ἀργαλέην
995 4000 1178 4096 κακότητα,
1487 4089 1491 4102 .

216 4111 339 4171 temere
362 4108 424 4171 duo
446 4131 557 4174 versus
578 4113 601 4174 1.
623 4115 663 4174 95
684 4133 730 4196 sq.
751 4114 785 4175 in
805 4129 903 4172 unum
923 4109 1102 4173 conflantur
1123 4107 1182 4170 hoo
1202 4101 1314 4167 modo:
1401 4169 1415 4191 x

187 4297 190 4304 Ι
378 4201 551 4298 Ἀργείων,
573 4205 653 4277 odde'
673 4235 707 4277 τι
727 4204 791 4298 ἤδη
810 4204 965 4297 ἐῢμελίηκ
981 4201 1133 4292 Ἀχιλῆα,

137 4394 141 4403 x
215 4328 343 4374 versum
364 4311 398 4377 in
421 4313 516 4378 exito
537 4311 718 4378 mutilatum
737 4310 873 4400 praebet
893 4313 930 4378 11.
944 4313 1017 4399 537.
1034 4311 1100 4383 sie:
1181 4351 1183 4359 ι
