3030 5002
556 180 646 295 -ss-
702 173 901 312 umf-

173 427 189 475 .’
213 411 469 495 xvimam.
498 409 570 488 llic
590 409 682 474 locus
702 409 750 472 sic
776 395 961 475 scribendus
979 411 1053 476 essa
1090 415 1094 420 ’
1193 443 1197 456 ·
1234 421 1237 428 “
1292 415 1318 453 ³³

171 557 176 564 -
282 505 382 578 ’κείσό
409 535 465 577 νον
493 510 529 578 ἐν
551 506 695 598 κονίῃσι,
723 507 924 592 λελασμένος
948 503 1185 600 ἀφροσυνάων·
1264 560 1267 565 -

291 605 420 700 οά-μάρ
440 603 590 696 ἀμείνονι
611 607 699 700 φωτί
716 607 822 698 χρεών
843 608 945 676 κακὸν
966 604 1073 676 ἀντί’
1093 609 1160 700 ἀρί
1168 612 1271 694 ζειν·

291 703 344 790 tle
359 707 422 776 καί
442 709 783 799 πουτοπάροιθεν
801 704 984 797 Ὀδυσσῆος
1000 709 1125 777 ταλαόν
1144 715 1207 802 κῆρ
1318 739 1320 748 ·

289 803 460 901 ἀργαλέας
478 803 600 902 ἀρινας
619 809 752 897 ἐλέγχεα
771 806 875 900 μυρία
891 809 1018 894 βάζειν.

164 911 271 978 Versu
290 913 392 978 altero
417 915 501 1000 quod
514 913 638 998 ,legitur
654 911 752 998 'vulgo
775 905 1085 1001 ἀντιφερίζειν,
1113 911 1245 978 verhum
1267 920 1319 981 est

161 1013 196 1078 h.
212 1014 234 1078 l.
256 1035 320 1079 non
337 1022 456 1097 aptum.
498 1007 721 1102 ἀντιφερίζειν
740 1015 835 1093 enirn,
857 1014 941 1100 quud
956 1014 1024 1077 fere
1044 1014 1130 1078 idem
1151 1021 1203 1078 est
1222 1022 1318 1100 atque

163 1111 382 1204 ἰσοφαρίζειν,
396 1137 529 1201 semper
542 1117 665 1180 'dicitur
678 1113 724 1178 ¹-de
747 1138 798 1195 ec,
821 1121 876 1199 qui
892 1135 961 1178 eece
980 1123 1135 1198 tamquam
1153 1133 1264 1198 parem
1283 1121 1320 1180 ιἰι

163 1217 271 1300 aliqua
298 1239 335 1281 re
355 1219 453 1281 alteri
479 1222 619 1301 opponit.
661 1215 712 1280 lta
738 1215 922 1302 plerumque
953 1219 1081 1300 ponitur
1108 1217 1149 1280 de
1175 1237 1234 1296 ec,
1263 1220 1318 1303 qui

164 1316 259 1381 alteri
276 1321 309 1382 in
328 1340 434 1404 pugna
460 1325 622 1402 tamquam
650 1320 768 1382 virtute
795 1339 853 1402 par
874 1316 1001 1382 obviam
1027 1321 1071 1397 it,
1097 1326 1133 1381 ut
1151 1315 1248 1382 Hom.
1273 1323 1317 1384 0).

163 1403 235 1482 357.
248 1412 424 1508 Ἥφαιστ’,
445 1409 535 1501 οὔτις
551 1413 642 1504 σοίγε
654 1419 746 1482 θεῶν
767 1411 883 1484 δύνατ’
904 1411 1140 1506 ἀντιφερίζειν,
1163 1425 1237 1484 etv.
1250 1421 1317 1484 487

163 1539 218 1606 sq.
233 1519 288 1583 uhi
310 1519 386 1584 hum
408 1519 547 1585 Dianam
567 1522 724 1603 increpat:
754 1507 838 1606 ὄφρ’
861 1508 898 1584 εὖ
920 1513 1029 1606 εἰδῇς,
1050 1512 1151 1583 ὅσσον
1172 1517 1317 1608 φερτέρη

148 1610 234 1703 ἐἴμ’
254 1615 307 1686 ὅτι
326 1643 387 1704 μοι
406 1620 505 1702 μένος
526 1613 761 1709 ἀντιφερίζεις,
790 1639 884 1705 quem
908 1619 1012 1684 locum
1034 1627 1109 1684 aute
1131 1619 1241 1684 cculcs
1259 1619 1318 1684 ha-

162 1718 234 1784 buit
251 1718 384 1784 Nunnus
406 1720 568 1785 XXXVI.
587 1727 639 1784 48.
668 1711 823 1808 Ἄρτεμι,
842 1715 950 1809 θηρία
968 1718 1090 1803 βάλλε·
1116 1717 1150 1784 τί
1168 1715 1319 1802 μείζοσιν

163 1810 399 1910 ἀντιφερίζεις;
441 1822 484 1886 Et
505 1823 618 1886 ecdem
642 1823 737 1886 modo
756 1821 839 1884 iufra
858 1824 895 1886 ll.
909 1828 960 1884 24.
981 1823 1050 1901 ipsc
1070 1817 1208 1894 Quintus
1227 1820 1318 1886 locu-

162 1927 216 1984 tus
234 1929 299 1985 cst:
323 1914 362 1988 οὗ
378 1920 441 2013 γάρ
456 1916 507 1988 ἔτ’
518 1916 699 2012 Ἀργείοισι
717 1915 923 2010 δυνησόμεθ’
939 1915 1168 2010 ἀντιφερίζειν.
1189 1918 1318 2010 Deinde

164 2025 292 2086 omnino
321 2025 418 2087 etiam
441 2026 480 2089 de
501 2047 552 2104 eo,
577 2026 630 2109 qui
651 2022 724 2087 aliis
751 2025 785 2086 in
813 2022 910 2114 rebus
937 2022 1031 2089 alteri
1051 2044 1123 2097 sese
1151 2020 1318 2108 aequalem

155 2145 235 2187 esse
262 2125 442 2203 contendit,
475 2133 516 2188 ut
539 2125 623 2206 apud
645 2123 811 2210 Aristoph.
832 2125 953 2211 Equitt.
980 2129 1052 2188 813.
1079 2123 1129 2186 ed.
1154 2121 1217 2186 Br..
1231 2123 1318 2204 (702.

162 2224 213 2287 ccl.
234 2221 344 2292 Both.)
365 2220 404 2288 ml
418 2223 649 2306 &speraverint
666 2217 902 2312 ἀντιφερίζεις,·
924 2225 967 2287 Et
987 2224 1133 2308 similiter
1149 2223 1235 2306 apud
1245 2221 1315 2286 He·

162 2323 289 2386 sincium
312 2321 437 2405 Thecg.
463 2345 494 2387 v.
510 2327 581 2385 609.
604 2319 705 2388 κακόν
734 2321 849 2408 ἐσθλῷ
871 2319 1076 2411 ἀντιφερίζει
1091 2318 1240 2406 ἔμμεναι.
1274 2360 1315 2372 -

164 2419 332 2484 Thersites
354 2429 461 2484 autem
482 2425 621 2500 minume
642 2428 803 2506 tamquam
824 2445 881 2506 par
905 2422 1026 2485 Achilli
1047 2445 1119 2488 seso
1142 2421 1319 2505 obiecerat,

164 2521 222 2584 sed
243 2543 291 2584 ex
312 2545 400 2585 more
420 2520 499 2585 nihil
520 2523 657 2600 fecerat,
680 2543 774 2606 quam
796 2521 880 2607 quud
896 2544 926 2586 v.
950 2527 1020 2586 722.
1043 2523 1093 2588 his
1113 2522 1220 2588 verbis
1234 2517 1317 2588 indi-

164 2630 270 2686 catum
294 2621 379 2687 crat:
412 2618 632 2711 &spalangii
654 2647 712 2705 μιν
734 2613 817 2688 ἀντα
839 2625 931 2710 κακῷ
953 2623 1038 2710 μέγα
1061 2618 1185 2691 νείκεσε
1204 2611 1318 2714 μύθιρ.

160 2725 230 2810 Ego
253 2725 337 2812 quod
357 2725 504 2802 restitui,
526 2724 604 2786 satis
624 2720 768 2787 firmatur
788 2725 840 2805 iis,
860 2748 940 2810 quac
958 2725 1118 2790 Homerus
1136 2728 1176 2790 Β.
1196 2731 1314 2814 213sq.

162 2824 360 2915 (ἐριζέμεναι
378 2823 583 2908 βασιλεῦσιν)
606 2828 677 2886 221.
699 2829 772 2889 224.
794 2831 865 2890 243.
884 2831 956 2891 247.
976 2831 1038 2890 250
1058 2849 1105 2914 sq.
1118 2831 1187 2890 »270
1203 2849 1250 2916 sq.
1274 2830 1315 2893 de

160 2929 276 2992 ecdem
292 2923 441 2988 Thersite
456 2925 548 2986 dixit.
571 2929 611 2971 -’-
631 2921 718 2988 ¹'l'm'n
737 2917 766 2990 ν.
782 2932 853 2991 750.
876 2917 926 3004 ἀς
944 2929 1056 3012 scripsi
1072 2947 1133 3013 pro
1156 2923 1212 3005 ὅς,
1230 2933 1315 3015 quod
1434 3005 1437 3018 Λ

161 3047 350 3115 quamquam
372 3024 500 3088 delendi
526 3029 636 3107 potest
656 3028 719 3105 ita,
746 3033 785 3088 ut
803 3042 832 3088 v:
854 3025 930 3088 758.
945 3025 1106 3112 tamquam
1130 3025 1324 3113 parenthesi

159 3131 347 3193 interiectus
369 3130 538 3202 statuatur,
564 3123 665 3186 multo
688 3132 795 3188 tamen
817 3124 991 3209 simplicius
1012 3138 1045 3190 et
1063 3128 1241 3213 elegantius
1263 3140 1314 3195 est

163 3225 222 3306 ὥς.
247 3262 288 3295 -,
306 3227 452 3312 Denique
481 3218 715 3312 τοπάροιθεν
739 3219 939 3289 scribendum
960 3227 1021 3290 erit
1037 3228 1085 3290 'ex
1105 3251 1144 3294 ea
1163 3223 1314 3297 ohserva-

162 3332 268 3409 fiune,
287 3352 380 3415 quam
403 3329 481 3391 fecit
496 3322 733 3408 spurcorum
752 3335 987 3413 programmate
1009 3329 1196 3413 paschalia.
1220 3338 1320 3399 1818:-

161 3449 194 3514 p·
214 3436 261 3506 4,
274 3423 494 3516 προπάροιθε
512 3426 554 3488 de
574 3425 664 3505 loco,
693 3427 883 3516 τοπάροιθε
910 3431 950 3492 de
981 3438 1124 3511 tempere
1146 3454 1166 3495 a
1190 3430 1312 3508 Quinto
1394 3491 1398 3499 .
1428 3457 1430 3460 ·

105 3599 109 3606 .
162 3550 288 3608 semper
304 3531 422 3596 dictum
437 3549 527 3594 esse.
567 3527 611 3591 Et
638 3524 916 3615 προπάροιθε
938 3529 1063 3614 quidem
1083 3531 1230 3614 deloco,
1257 3538 1313 3600 ad·

161 3632 249 3696 iacto
268 3635 429 3722 genitivo,
445 3631 563 3714 legitur
581 3630 632 3707 111,
648 3631 699 3691 54.
722 3632 792 3692 387.
815 3626 872 3692 lv.
894 3634 924 3691 3.
944 3627 1001 3692 Vl.
1014 3635 1085 3693 322.
1107 3629 1179 3698 Vll.
1187 3643 1223 3698 4.
1239 3642 1311 3702 110.
1370 3631 1373 3643 “

163 3736 235 3796 uc.
256 3734 326 3794 τιν.
348 3728 434 3797 vul.
452 3737 524 3796 cus.
545 3729 606 3794 lx.
623 3737 675 3792 44.
697 3728 757 3793 xl.
772 3735 843 3794 338.
860 3729 935 3794 ΧΠ.
948 3735 999 3799 ετ.
1014 3730 1105 3794 xlv.
1119 3726 1209 3797 asa?
1235 3735 1312 3800 sine
1357 3739 1362 3753 ·

160 3833 302 3920 genitivo
323 3829 440 3915 legitur
466 3831 541 3896 Xll.
562 3835 634 3894 482.
678 3827 919 3920 τοπάροιθε
940 3836 1047 3894 autem
1064 3833 1162 3915 (sive,
1183 3843 1312 3901 utcun-

161 3937 286 4000 stuhtcr'
305 3931 386 4015 legit
407 3931 552 4012 Menace,
579 3929 618 3998 τὸ
645 3926 811 4019 πάροιθε)
840 3923 880 3998 de
908 3935 1048 4016 tempore
1077 3935 1235 3999 invenitur
1262 3936 1313 4002 his

160 4034 260 4100 locis:
285 4036 309 4100 l.
333 4039 384 4096 62.
407 4037 577 4098 80.11.13.
596 4029 758 4098 336..340.
778 4035 828 4098 111.
850 4039 901 4097 80.
919 4035 992 4096 750.
1012 4030 1069 4097 lV.
1089 4039 1160 4098 314.
1179 4033 1220 4102 V.
1240 4043 1311 4100 148.

162 4140 233 4202 537.
255 4140 326 4202 041.
345 4133 419 4200 llll.
439 4139 513 4197 401.
540 4133 628 4199 Vlll.
641 4139 713 4199 200.
742 4133 798 4197 lx.
812 4139 892 4198 401.
906 4139 979 4200 425.
999 4133 1045 4199 Χ.
1065 4141 1137 4200 243.
1163 4136 1312 4202 111233.

162 4233 338 4305 101118.
351 4235 442 4302 Xlll.
458 4240 532 4300 471.
580 4237 634 4300 Ex
661 4245 726 4302 tot.
741 4235 884 4301 locurum
911 4253 1068 4302 consensu
1094 4245 1181 4302 recte
1209 4235 1314 4321 Spita·

161 4351 255 4406 scm
274 4337 441 4426 vllem.
462 4330 652 4430 τοπάροιθε
678 4338 839 4420 restituit,
867 4346 901 4414 et
926 4340 1038 4406 cadem
1066 4338 1192 4408 medela
1217 4339 1313 4406 etiarn

1038 4446 1110 4515 12³
