3044 4986
645 165 931 244 ..·54....

207 329 289 424 quiae
308 341 425 408 similia
438 333 561 430 putavit
578 333 651 410 esic
666 363 716 408 rv.
730 335 880 422 ἔντευξις,
902 328 1036 427 δμιλία,
1058 338 1214 420 διδλεξις.
1244 339 1365 406 Sohae-

139 496 142 503 .
208 439 295 504 ierus
313 442 327 526 (
332 453 422 510 taceo
440 448 524 510 euim
537 446 729 532 reliquorum
751 447 929 509 criticorum
948 443 1139 527 conamine)
1154 445 1289 509 coniecit
1310 436 1366 508 εὗ-

210 541 406 628 στοχήμασι,
429 567 509 632 quue
530 559 602 610 sunt
625 545 770 610 sollerter
784 559 937 633 auraeque
954 545 1107 629 cogitata,
1128 547 1162 607 in
1178 564 1273 630 quum
1289 559 1366 608 ειπ-

212 641 284 704 (Ιοιιι
300 647 510 711 coniecturam
524 649 634 712 incidit
650 646 844 728 Creunerus,
865 660 901 710 ut
914 647 1012 710 refert
1026 644 1169 730 Fluegei.
1184 644 1206 708 l.
1221 645 1243 707 l.
1266 667 1297 729 p.
1315 649 1367 709 26.

213 739 305 816 Quae
324 747 450 830 quidem
467 751 598 812 mutatio
616 747 692 814 licet
706 747 809 813 facilis
824 761 857 812 et
872 761 946 832 apta
961 750 1018 826 sit,
1041 749 1070 809 si
1086 749 1274 811 senteutiam
1295 751 1368 831 spe&

212 855 297 924 ctes,
320 848 582 932 acquiescendum
607 861 713 916 temeu
735 861 811 934 puto
829 851 863 912 in
883 847 1012 932 vulgata
1032 849 1202 932 scriptura,
1235 847 1369 911 defensa

212 943 271 1008 illa
288 967 308 1008 u
327 958 359 1010 te
378 931 513 1034 unoque,
534 971 721 1035 quemquam
735 969 800 1014 non
814 953 883 1014 sine
897 948 1102 1027 dubitatione,
1114 950 1148 1010 in
1161 946 1248 1011 Diur.
1258 947 1369 1012 Schoi.

213 1045 496 1130 e.-1831.·‘No.36‚
517 1050 575 1115 ubi
595 1053 707 1117 dixisti
721 1054 808 1117 idem
830 1073 901 1116 esse
924 1051 1007 1137 quod
1027 1061 1168 1112 nostrum
1178 1049 1390 1132 gtitekltoher·

117 1197 120 1202 -
213 1143 402 1226 Einfall-
424 1146 485 1213 δσπ
504 1161 572 1216 mot
594 1185 631 1203 ·-
651 1157 744 1241 eique
766 1175 860 1240 qucru
883 1151 1013 1216 attulisti
1032 1149 1164 1214 Stobaei
1187 1149 1259 1213 leco
1274 1149 1371 1234 Phys.

214 1227 240 1310 Ι.
262 1250 292 1310 7.
314 1252 343 1326 ς.
366 1253 416 1311 18.
443 1250 660 1336 χενέσδαι“
619 1277 683 1342 χορ
703 1248 884 1322 ἐπίπνοιοίν
903 1277 976 1320 τινα
1001 1247 1097 1338 παρὰ
1116 1251 1176 1316 τοῦ
1195 1247 1372 1334 δαιμονίου

215 1349 282 1413 τῶν
307 1339 499 1438 ἀνθρώπων
518 1349 645 1478 ἐνίοις
654 1353 773 1421 tat*
736 1379 775 1423 το
802 1343 974 1441 ettooe'
960 1377 984 1476 η
974 1343 1065 1418 ’ἐπὶ
1091 1347 1130 1418 τδ
1156 1353 1282 1439 χεῖρον,
1315 1350 1374 1417 καί

216 1437 303 1512 εἶναι
330 1453 488 1539 φανερῶς
506 1449 582 1520 κατ’
604 1449 685 1524 αυτδ
712 1457 810 1523 τοῦτο
837 1451 914 1532 τούς
942 1451 1003 1536 μὲν
1035 1443 1192 1534 εὐτυχεῖς,
1228 1449 1306 1530 τούς
1334 1447 1372 1519 6³

217 1540 361 1627 ἀτυχεῖς,
382 1573 442 1636 ege
457 1555 540 1620 addo
553 1554 720 1622 Demosth.
737 1555 868 1640 Olynth.
883 1553 939 1618 111.
953 1559 982 1633 ς.
997 1557 1056 1633 ta,
1076 1553 1184 1640 ibique
1199 1553 1239 1617 cf
1256 1551 1374 1618 Bromi.

213 1639 293 1712 ,οὐδ’
315 1645 420 1729 ου’τως
439 1644 556 1744 {tepeo
575 1651 686 1724 οὐδ”
653 1651 785 1744 ατυχής
805 1653 886 1740 εἶμι,
915 1650 999 1721 ὥστε
1019 1654 1205 1738 βούλεσθαι
1221 1647 1376 1736 ἀπεχθοί-

219 1751 355 1828 νεοδαι,
380 1753 433 1816 de
429 1777 473 1819 eu
486 1779 541 1843 qur
530 1758 765 1824 ‘trabsurda
706 1781 765 1844 cog
766 1763 830 1822 itet.
871 1756 981 1841 Itaque
999 1775 1094 1844 quum
1107 1749 1318 1820 adiectiva'
1282 1779 1377 1821 ουτο-

218 1847 281 1934 λδς
300 1864 333 1914 et
352 1844 485 1942 ἀτυχής,
508 1858 695 1945 quibuscum
714 1873 749 1924 ta
769 1882 820 1924 w.
843 1859 1032 1938 κατατυχεῖν
1047 1868 1081 1920 et
1097 1849 1273 1937 ἀποτυχεῖν
1289 1879 1376 1920 corn

221 1971 327 2034 paras,
353 1953 412 2019 itta
423 1957 624 2024 viaGraecis
639 1962 803 2043 dictasint,
822 1952 985 2048 εὐτύχημα
997 1979 1122 2045 quoque
1137 1981 1177 2023 ea
1190 1960 1378 2045 quedictum

216 2065 275 2116 est
292 2059 451 2122 sententia
467 2061 665 2127 retinebitur.

291 2201 354 2323 ib.
345 2281 438 2348 ..cap
454 2261 515 2330 IX.
519 2264 619 2389 ’πρὸς
635 2265 673 2334 66
686 2257 811 2332 θυσίαν
821 2260 894 2332 τινὰ
914 2263 980 2329 τῶν
995 2253 1238 2352 Ἀθηναίων’
1201 2259 1380 2329 casotum

223 2352 394 2440 ἐπιδόσεις
411 2362 469 2431 καί
487 2367 554 2434 τῶν
574 2361 685 2435 ἄλλων
697 2365 935 2445 ἐπιδιδόντων,
957 2361 1094 2454 κληθείς
1113 2357 1320 2440 unumst
1297 2383 1380 2452 εφη·

214 2457 362 2539 τούτους
390 2459 509 2534 αἰτεῖτε
533 2468 611 2548 τοδς
636 2462 879 2547 πλουσίους,
864 2464 929 2553 tyci
958 2459 992 2532 δ’
1010 2457 1271 2556 αἶσχυνοίμην”
1248 2485 1304 2544 αν,
1350 2457 1381 2529 εί

225 2556 332 2645 τούτῳ
365 2561 412 2650 μή
440 2559 673 2644 ἀποδιδούς
653 2570 731 2648 υμῖν
758 2563 929 2653 ἐπιδοίην,
969 2561 1080 2642 δείξας
1108 2563 1299 2628 Καλλικλέα
1325 2563 1384 2632 etv

220 2658 408 2748 δανειστήν.
449 2664 513 2730 Hic
540 2665 667 2731 Schaef.
688 2685 733 2728 ex
754 2686 813 2728 sua
832 2666 1012 2733 coniectura
1030 2666 1171 2747 reposuit
1184 2659 1382 2749 ἐπιδιδοίην,
1439 2707 1442 2714 -

227 2759 350 2825 scilicet
369 2775 405 2827 ut
426 2777 569 2852 tempora
593 2778 810 2852 congruerent.
853 2761 918 2838 Qui
937 2763 977 2827 de
997 2762 1116 2826 haere
1136 2765 1182 2826 ite
1199 2765 1325 2841 statuit,
1348 2775 1384 2826 ut

227 2861 316 2926 solos
331 2866 457 2932 cedices
471 2869 650 2954 sequendos
664 2869 896 2986 pronuntiaret,
917 2862 1060 2948 Fluegei.
1074 2862 1096 2927 l.
1110 2863 1140 2926 Ι.
1137 2885 1178 2948 p.
1196 2867 1254 2942 32,
1274 2865 1302 2925 is
1316 2883 1336 2926 e
1351 2875 1383 2927 te

138 3033 140 3036 ,
228 2963 369 3029 breviter
391 2967 545 3054 explosus
571 2983 620 3038 est
638 2972 673 3034 in
695 2970 764 3033 eius
790 2965 894 3032 libelii
915 2987 1057 3032 censura.
1098 2964 1253 3028 Etenim
1244 2985 1385 3048 ipsorum

226 3060 406 3152 temporum
426 3073 507 3136 ratic
531 3071 703 3158 spectanda
723 3083 781 3135 est.
822 3069 864 3134 Et
878 3069 1021 3154 proiecte
1035 3065 1118 3131 bene
1135 3065 1232 3130 hahet
1250 3066 1384 3128 serietas

227 3164 398 3258 ἐπιδοίην,
426 3170 502 3238 licet
521 3173 639 3238 Plut'
629 3195 663 3238 ru
685 3172 797 3237 eadem
818 3193 854 3234 re
873 3169 945 3233 aliis
963 3167 1043 3234 locis
1061 3189 1212 3254 praesens
1233 3169 1384 3252 posuerit,

203 3272 483 3356 ,quandoquidem
510 3277 675 3360 participio
700 3293 777 3336 usus
804 3282 861 3335 est.
903 3267 1049 3354 Reipubl.
1077 3271 1205 3355 gerend.
1226 3279 1385 3353 praecept.

230 3394 300 3492 cup.
316 3371 479 3438 XXXIV.
508 3369 720 3462 αἰσχυνοίμην
746 3361 787 3439 ίίν
815 3368 892 3453 ὑμῖν
922 3367 1109 3452 ἐπιδιδούς,
1139 3366 1322 3438 Καλλικλεῖ
1347 3365 1386 3433 66

111 3517 116 3526 ·
229 3472 335 3560 τούτῳ
356 3499 408 3595 μη
391 3467 624 3555 ⁸6rto6e606c,
651 3488 684 3539 et
699 3479 733 3539 in
754 3471 865 3539 libello
887 3473 927 3537 de
945 3475 1061 3538 vitioso
1077 3475 1197 3559 pudore
1211 3493 1238 3534 o.
1254 3468 1298 3532 Χ.
1330 3463 1387 3533 καί

230 3571 327 3694 πηὸς
351 3572 428 3652 τοὺς
458 3568 660 3663 Ἀθηναίους
696 3573 922 3642 ἐπιδοῦναι
960 3573 1153 3652 κελεύοντας
1190 3570 1226 3638 ἐν
1267 3563 1384 3657 ἑορτῇ,

231 3669 443 3772 αἰσχύνομαι,
479 3667 587 3756 εἶπεν,
614 3669 694 3760 ὑμῖν
712 3673 773 3760 μὲν
794 3671 981 3755 ἐπιδιδούς,
1011 3674 1117 3762 τούτῳ
1137 3673 1174 3742 δὲ
1194 3697 1239 3759 μη
1228 3662 1386 3736 *tinett-

231 3773 321 3851 δούς.
363 3769 511 3840 Acrisius
540 3773 645 3857 euim,
672 3790 708 3840 ut
732 3775 831 3856 solet,
862 3777 903 3840 de
923 3798 957 3840 re
976 3777 1105 3855 dicitur,
1134 3793 1213 3862 quae
1233 3772 1324 3837 ho'c
1314 3789 1385 3854 ipsc

231 3879 384 3960 temporis
399 3891 558 3944 momento
574 3880 764 3958 continetur,
785 3899 936 3962 praesens
950 3890 1056 3942 autem
1078 3869 1263 3954 οίποδιδοδς
1279 3873 1318 3936 de
1336 3891 1386 3950 ee,

233 3979 336 4064 quod,
365 4001 460 4066 quum
482 4001 547 4045 acu
570 3979 722 4046 solvendo
749 3978 873 4052 debitor
893 3989 1038 4059 maneat,
1064 3975 1246 4042 duraturum
1268 3984 1333 4052 est,
1353 3983 1389 4034 ut

232 4078 297 4144 ulio
327 4081 423 4146 modo
451 4082 648 4148 confermata
673 4083 817 4146 oratione
845 4080 990 4145 similiter
1019 4079 1157 4144 dicturus
1186 4076 1297 4139 fuerit:
1336 4066 1390 4136 δτι

234 4175 348 4271 ἐκείνῳ
375 4175 436 4252 οὐκ
461 4175 778 4270 δποδίδιιμι,’δμῖν
802 4174 844 4251 οὐ
862 4174 1008 4268 δύναμαι
1027 4178 1219 4258 ἐπιδοῦναι,
1241 4171 1389 4262 quemad·
