3026 4992
510 194 522 235 s
645 231 703 243 -
764 186 820 266 88
879 229 937 250 -ε

184 365 186 369 ’
210 372 277 430 tarn
293 359 489 451 surgnlorum
509 361 722 430 membrorum
745 364 903 450 captantis
926 367 1174 432 cumularentur
1196 368 1248 442 est
1260 368 1373 449 aptum
1458 419 1462 434 ι

211 467 379 552 essequod
394 469 549 553 sequitur:
570 458 781 554 ἀδολώτυρον
801 457 825 552 ἢ
845 459 1079 555 δυνατώτερον.
1119 463 1245 530 Deinde
1262 473 1375 536 orator.

211 567 241 630 si
267 563 325 631 καὶ
346 559 594 655 ἀδυνατώτερον
612 568 781 630 veritatem
806 565 967 651 prolatum
992 561 1032 630 fri
1060 566 1215 642 dixisset,
1240 569 1373 652 ipsese

211 665 488 752 reprehendisset,
507 689 578 732 cum
599 674 707 732 temen
729 670 946 743 sinceritatem
969 666 1131 744 efficaciae
1154 669 1308 736 orationis
1330 689 1369 732 ac

209 768 343 852 ponderi
360 759 586 858 praestituram
605 789 677 834 csse
697 765 904 834 submoleste
921 770 1026 835 dicere
1047 768 1148 834 vellet
1167 791 1205 834 ec
1226 767 1370 836 deberet.

292 933 444 1002 Eiusdem
466 943 547 1002 orat.
567 911 604 1016 5.
625 939 655 1002 7.
679 958 712 1021 p.
735 941 806 1002 673.
836 929 924 1004 ἀλλὰ
952 931 1003 1016 τίς
1030 929 1049 1004 ὅ
1077 931 1234 1021 βαλιυν
1216 927 1371 1018 εστινςό

211 1031 315 1160 φόνος
339 1027 398 1104 οὗν
418 1030 533 1124 ἀνήκει
550 1033 598 1115 εἷς
614 1034 691 1116 τούς
703 1030 939 1122 θεωμένους
916 1063 937 1126 η
955 1031 1003 1116 εἷς
1020 1061 1099 1118 τους
1119 1035 1374 1126 πανδαρυιγούςς

211 1125 266 1236 ὧν
287 1129 429 1250 οὕδοίς
449 1129 571 1204 οὐδὲν
592 1141 827 1236 κατηγορεῖ.

293 1287 451 1354 Extrema
479 1295 627 1376 corrupta
648 1311 721 1354 esse
741 1289 836 1355 facile
861 1289 1060 1376 intelligitur.
1102 1287 1193 1354 Haec
1206 1239 1263 1352 ert
1283 1288 1371 1351 enirn
1410 1277 1411 1281 '
1475 1365 1481 1374 Ι

210 1391 349 1456 oratoris
378 1393 555 1456 sententis:
594 1413 712 1484 ergone
750 1399 947 1510 spectatores
986 1399 1020 1456 et
1049 1391 1228 1479 poedagogi
1265 1389 1373 1452 caedis

213 1481 360 1556 auctores
382 1490 532 1556 fuerunt?
561 1512 636 1576 φιον
665 1493 731 1576 (sic
752 1495 837 1556 enim
857 1516 990 1579 pergere
1022 1515 1078 1560 ore
1079 1500 1181 1557 torem
1210 1490 1371 1576 oportuit)

211 1592 281 1656 null
278 1613 299 1654 n
319 1612 371 1656 res
391 1602 537 1658 auctores
558 1594 666 1658 cnedr'r
687 1613 754 1658 erse
775 1599 893 1679 arguett.
935 1593 964 1658 1
951 1604 1047 1682 aque
1061 1587 1170 1670 οὐδεὶς
1187 1591 1373 1670 mutandum

214 1695 292 1758 est
282 1715 316 1758 sn
336 1685 531 1774 οὐδενος,
553 1697 609 1781 qui
622 1701 673 1758 est
685 1697 844 1779 genitivus
859 1695 1024 1760 masculini
1042 1719 1063 1759 a
1082 1693 1180 1758 verbo
1199 1686 1377 1782 κατηγορεῖ

211 1796 372 1884 pendenS,
395 1794 675 1882 scribendumque:
704 1783 751 1861 ὦν
772 1789 907 1874 οὐδενὸς
928 1789 1025 1862 οὐδὲν
1045 1795 1236 1884 κατηγορεῖ,
1261 1802 1295 1857 ut
1320 1793 1377 1857 hic·

212 1917 327 1964 sensus
346 1899 404 1962 sit:
425 1919 556 1984 qnorum
580 1896 659 1964 nulli
678 1901 845 1984 quicquam
865 1899 949 1962 diem
971 1891 1048 1977 dicit
1067 1899 1089 1962 i.
1111 1919 1139 1960 e.
1162 1917 1295 1982 quorum
1318 1917 1375 1960 ne·

212 2003 333 2066 minem
354 2021 575 2088 percussorem
593 2001 685 2084 pueri
707 2020 784 2064 esse
807 2003 973 2086 quicquam
992 1997 1160 2085 probabile
1174 1999 1292 2092 reddit.

297 2172 338 2236 Β.
366 2167 396 2235 δ.
425 2173 454 2249 5.
476 2173 507 2231 9.
533 2189 565 2254 p.
587 2169 659 2230 683.
690 2160 709 2232 ὃ
737 2189 799 2249 μεν
823 2163 887 2286 peip
918 2159 1019 2245 οὗτος
1047 2163 1108 2244 τὰς
1139 2159 1288 2231 αὑτοῦς
1267 2190 1381 2256 αμαρ-

173 2334 181 2348 ,
213 2263 288 2348 τὶας
308 2269 420 2394 φέρων
442 2261 552 2336 οὐδενὶ
570 2259 667 2333 οὖδον
688 2264 942 2356 προστρόπαιον
970 2262 1185 2356 καταλείψει·
1215 2259 1234 2332 ὁ
1257 2266 1295 2332 ds
1315 2287 1377 2330 κα-

210 2369 378 2462 θαρός”
341 2397 400 2439 cor
415 2370 611 2460 διαφθαρῇ,
633 2369 704 2446 τοῖς
719 2367 848 2433 καταλα
848 2365 1013 2454 μβανουσι
1029 2365 1196 2452 μεῖζον
1158 2389 1197 2433 το
1217 2360 1382 2450 ἐνθύμιον
1505 2411 1506 2416 1

146 2511 148 2518 =
213 2495 395 2560 φενρσεναι.
437 2471 473 2534 In
489 2471 539 2535 lus
551 2469 630 2534 nrhrl
645 2483 752 2550 esset,
772 2472 805 2533 in
821 2492 882 2556 qno
900 2475 968 2590 quis
986 2469 1179 2550 ostenderet,
1206 2469 1269 2533 nisi
1291 2470 1381 2532 codi-

177 2633 179 2638 .
216 2596 271 2637 ces
286 2575 325 2636 ad
341 2595 437 2636 unum
453 2591 563 2634 omnes
579 2577 633 2632 ant
635 2592 653 2632 e
673 2568 731 2635 ἐὰν
751 2567 940 2634 haberent⁰
920 2595 976 2650 ος,
999 2572 1083 2657 quod
1099 2577 1171 2634 auct
1173 2592 1227 2633 ore
1244 2567 1376 2634 Reiskio

216 2673 338 2737 delevit
357 2669 382 2736 I
395 2669 572 2734 Bekkerus
615 2668 662 2734 At
681 2670 787 2747 idern,
811 2671 895 2756 quod
912 2691 1008 2755 snpra
1022 2673 1055 2734 in
1071 2670 1268 2734 orationibus
1285 2670 1380 2736 Anti·

214 2773 346 2863 phont'
319 2797 366 2839 ers
390 2776 497 2836 inesse
525 2771 785 2851 observavimus,
825 2771 1104 2836 concinnitatist
1073 2771 1254 2848 studiurn'
1245 2793 1379 2861 rpsaque

217 2884 290 2942 sent
292 2883 345 2994 ept
346 2877 378 2938 ia
332 2869 548 2953 tefficit,u
528 2875 783 2958 utsuspicernur
801 2875 845 2936 ist
832 2862 929 2936 tuu‘*
911 2896 948 2950 ος
966 2875 1059 2964 initio
1073 2874 1152 2960 nihil
1170 2873 1256 2938 aliud
1268 2877 1380 2956 fuisse,

215 2981 280 3044 uisi
300 2967 360 3042 ι’όνε
382 2975 444 3039 hoc
468 2976 552 3038 enim
574 2973 651 3039 dicit
670 2980 796 3038 orator:
818 2973 847 3037 si
868 2975 938 3060 quis
957 2996 1017 3040 sua
1030 2978 1100 3062 ipse
1097 2975 1213 3039 delict
1199 2981 1234 3038 tc
1249 2976 1359 3056 fert,
1350 2997 1384 3040 rs

215 3077 298 3144 nulli
327 3075 425 3141 nllr'nn
456 3076 617 3162 piaculum
639 3075 816 3163 relinquet,
847 3078 898 3141 sin
920 3085 996 3141 ver'o
1026 3078 1055 3144 is
1083 3082 1137 3164 φιν·
1142 3076 1254 3160 culpa
1285 3086 1385 3143 vocnt

214 3182 364 3267 perierit,
384 3179 522 3243 maiores
540 3200 599 3244 vos
616 3177 849 3243 sollicitudines
870 3176 1065 3269 cruciabunt

300 3333 340 3396 Γ.
359 3353 394 3395 α.
424 3334 452 3409 5.
471 3334 503 3394 2.
529 3351 561 3414 p.
586 3326 792 3400 685.‚Locus
812 3330 842 3391 si
865 3329 936 3414 quis
969 3328 1055 3398 alius,
1075 3330 1275 3413 depravatus.
1317 3327 1382 3397 Ra.-
1418 3332 1446 3378 ’-

216 3435 340 3502 tionem
353 3434 441 3496 enirn
454 3453 510 3496 cur
524 3452 626 3516 ueqne
643 3435 752 3494 sontes
769 3431 835 3494 sint
857 3429 1044 3508 absolvendi
1062 3451 1165 3516 neque
1185 3433 1329 3504 insontes
1347 3417 1384 3498 in

219 3535 373 3600 indicium
390 3533 525 3599 vocandi
550 3531 703 3597 afferens:
732 3525 753 3596 ὅ
771 3554 807 3596 τι
827 3528 891 3619 γὰρ
907 3531 996 3610 ,θεὸς
1015 3525 1219 3620 βουλόμενος
1239 3535 1384 3622 ποιῆσαι

219 3629 259 3700 τὰ
282 3625 499 3722 ἀνθρώπινον
525 3632 635 3719 γένος,
666 3629 744 3710 τούς
765 3635 899 3721 πρῶτον
924 3631 1118 3719 γενομένους
1138 3626 1259 3756 ἔφυσεν
1279 3631 1383 3726 ἦραν,

162 3792 164 3796 .
219 3734 368 3829 τροφέας
383 3757 419 3798 τε
435 3731 670 3825 παρέδωκε
632 3758 692 3820 νην
710 3757 771 3821 γρν
791 3731 848 3800 καὶ
864 3757 927 3821 την
946 3731 1169 3813 3οἱλαοταν,”
1153 3759 1207 3800 ινα
1222 3733 1271 3823 μὴ
1293 3733 1384 3800 στιά-

220 3859 271 3904 νει
298 3837 365 3930 τῶν
358 3827 581 3965 ἀναγκαίων
608 3833 953 3924 προαποθνήσκυιμυν
979 3831 1042 3952 τῆς
1058 3837 1200 3926 γηραιοῦ
1220 3834 1381 3961 calmes?

305 4001 423 4066 Mirum
441 4022 517 4066 sane
540 4009 607 4083 est,
635 4004 665 4067 si
684 4007 795 4068 orator
811 4000 919 4070 verbis
940 4000 1023 4084 τοὺς
1033 4006 1173 4094 πρῶτον
1189 3947 1383 4086 γινομένους

221 4103 318 4193 ἡμῶν
335 4101 494 4190 significat
513 4099 978 4191 maioressuos.ce1tc‘uprdn
987 4114 1109 4190 perum
1127 4105 1308 4188 opportune
1320 4101 1384 4174 nd,

225 4209 326 4271 ditum
341 4227 412 4270 esse
426 4206 588 4270 videatur:
610 4228 670 4272 nec
681 4211 785 4272 minus
782 4209 883 4326 quod
895 4207 941 4272 sit
955 4207 1081 4288 deum,
1088 4224 1165 4270 curn
1172 4199 1382 4286 vellergoeus

124 4309 130 4329 ¹
225 4309 399 4374 burnenum
419 4307 544 4390 facere,
557 4311 773 4397 progenuisse
793 4310 932 4396 rudiores
952 4316 1096 4390 nomos,
1116 4303 1315 4389 uoomuode
1335 4302 1384 4375 ls-
