3044 4986
144 374 300 442 modum
290 395 324 438 ιιι
340 370 414 438 loco
430 389 527 455 supra
541 365 672 435 laudato
684 369 799 435 coristi
815 369 971 438 infinitivo
984 393 1067 440 ιιιιιι
1081 389 1147 440 est.
1175 375 1313 445 Eodem

145 477 242 542 modo
257 495 390 540 etrum
386 470 586 538 Schneierus
604 466 729 532 uidetur
742 490 811 589 cap.
824 469 939 538 XXX.
959 473 1018 540 τὸν
1041 469 1076 540 6'
1092 470 1311 569 Ἀντίπατρον

109 603 112 618 ·
142 571 247 643 αὐτὸν
264 570 372 642 εἰπεῖν
390 571 556 658 λέγουσιν,
571 559 625 644 ,ὥς
643 567 731 634 δυεῖν
748 562 841 656 αὑτῷ
863 553 971 658 φίλων
990 567 1213 664 '‘touque’‘
1192 604 1304 660 οντων,

144 671 331 759 Φωκίωνος
353 669 411 738 καὶ
429 669 608 760 Δημάδου,
639 667 698 734 τὸν
723 670 786 752 μὲν
811 666 986 754 λαβεῖν
947 696 987 740 ου
1008 675 1162 759 πέπεικε,
1191 679 1250 747 οόν
1269 683 1309 748 δὲ

145 772 293 854 διδους
312 766 374 842 οὐκ
394 770 601 858 ἐμπέπληκε,
632 769 687 840 ubi
702 792 870 858 perperam
883 769 963 850 δούς
976 783 1190 862 praeoptavit,
1211 805 1306 868 quum

125 865 251 944 ἰιιιιιειι
275 877 414 954 dicans,
453 870 631 939 Demadcm
653 872 779 953 dando,
819 875 842 940 i.
862 896 893 938 e·
929 879 1174 965 quotiescunque
1199 885 1304 964 dabat,

113 1029 114 1036 ,
142 1001 206 1046 non
220 973 557 1063 explevitAntipate'r,
577 985 780 1068 nouantem,
803 975 908 1056 dedit,
922 996 1027 1064 neque
1042 980 1201 1064 explevit,
1223 993 1303 1072 quae

126 1083 252 1146 *aoriui
266 1081 315 1143 vis
336 1089 430 1167 esset.
475 1143 478 1148 .

223 1281 390 1347 Intendem
403 1282 523 1366 capite:
554 1275 658 1350 πάλιν,
678 1277 717 1345 66
738 1299 820 1346 ποτε
840 1281 907 1346 τῶν
923 1273 1113 1371 Ἀθηναίων
1130 1280 1301 1372 ἐξαγαγεῖν

132 1379 241 1452 ,αὐτὸν
257 1381 317 1452 ἐπὶ
335 1379 413 1458 uodo
434 1375 616 1462 πολεμίους
635 1375 849 1458 κελευόντων,
876 1375 923 1458 ὥς
943 1373 1005 1450 οὐκ
1026 1380 1183 1472 ἐβούλετο
1204 1388 1299 1473 (quac

139 1487 294 1553 librorum
312 1487 468 1568 scriptura
486 1495 553 1558 est;
584 1480 728 1565 Bryenus
750 1486 870 1566 primus
892 1482 993 1546 dedit:
1026 1476 1073 1561 nic
1098 1477 1211 1552 6³·o6n
1232 1486 1297 1572 ε’β.)

139 1585 250 1656 δειλὸν
277 1579 551 1676 ἀποκαλούντων,
578 1619 616 1632 -
646 1572 753 1662 εἶπεν,
794 1583 865 1648 cod.
891 1581 1020 1648 Monac.
1050 1580 1123 1652 καὶ
1155 1576 1202 1663 ὥς
1237 1579 1298 1652 οὐκ

137 1687 292 1773 ἐβούλετο
311 1685 460 1774 praehet,
483 1685 540 1750 sed
556 1707 576 1748 a
590 1685 729 1760 secunda
743 1707 848 1749 manu.

219 1888 267 1954 lb
276 1912 344 1976 cap.
336 1885 470 1954 ..XII
418 1911 540 1986 .ευρων
554 1888 592 1956 δὲ
610 1879 823 1978 nqodostiu'
799 1907 932 1952 απανια
945 1883 1051 1968 μεστὰ
1065 1885 1122 1953 καὶ
1136 1891 1296 1956 νοσοῦντα

137 2017 194 2058 και
183 1988 460 2079 διορωρυγμένα
481 1961 721 2080 dwpodom'qe'
692 2013 740 2067 εις
759 1983 909 2054 κίνδυνον
928 1987 1032 2074 μέγαν
1052 1986 1208 2078 κατέστη·
1236 1987 1294 2056 καί

135 2116 209 2158 τινα
245 2089 353 2210 λόφρν
383 2086 536 2181 χαράδρᾳ
567 2087 695 2179 βαθείᾳ
725 2090 792 2154 τῶν
823 2086 902 2177 περὶ
938 2087 1092 2172 Ταμύνας
1124 2088 1295 2158 ἐπιπέδων

107 2255 109 2260 ,
134 2185 431 2281 αποκρυπυόμενον
450 2189 647 2276 καταλαβών
676 2193 818 2271 συνεῖχεν
838 2187 873 2254 ἐν
892 2183 1020 2308 ’τούτῳ>
1019 2187 1076 2254 καὶ
1106 2190 1294 2279 συνεκράτει

134 2289 173 2358 τὸ
204 2285 437 2387 μαχιμώτατον
468 2296 527 2380 τῆς
561 2291 740 2374 δυνάμεως.
780 2289 955 2376 Vulgatum
998 2281 1294 2378 ἀποκρυπτόμενον

135 2405 316 2476 corruptum
337 2395 439 2455 visum
460 2405 508 2455 est
521 2383 744 2476 interpretibus
759 2406 886 2477 praeter
903 2413 998 2455 unum
1013 2389 1139 2455 Schaei.
1131 2437 1157 2471 .,
1180 2396 1293 2478 quiite

134 2503 243 2556 tencre
265 2504 411 2555 conatus.
421 2505 470 2558 est
491 2492 573 2556 hanc
593 2493 794 2576 scripturam,
821 2505 856 2555 ut
883 2493 1016 2568 diceret,
1042 2513 1112 2556 esse
1136 2492 1250 2558 collem
1273 2515 1293 2558 a

134 2587 254 2677 campis
267 2595 450 2680 propinquis
464 2597 510 2658 ita
525 2606 704 2679 separatum
717 2615 775 2678 per
788 2593 914 2658 alveum
934 2585 1124 2678 profundum
1144 2599 1292 2660 torrentis
1401 2668 1404 2680 Ι

65 2719 71 2733 ·
133 2717 154 2758 a
172 2703 279 2758 monte
301 2695 509 2778 decurrentis,
539 2708 575 2758 ut
596 2718 616 2759 a
638 2694 768 2780 planitie
790 2698 930 2780 conspici
950 2708 1012 2758 non
1031 2707 1150 2778 posset.
1193 2694 1292 2761 Cuius

131 2797 180 2860 rei
199 2807 234 2858 ut
252 2807 371 2860 certam
389 2798 466 2861 mihi
491 2812 522 2862 et
540 2796 668 2884 planam
680 2817 893 2881 proponerem
916 2797 1088 2879 imaginem
1108 2796 1225 2860 frustra
1243 2797 1291 2862 la·

109 2895 257 2970 'boravi;
289 2897 412 2961 videtur
428 2902 512 2964 enim
523 2897 673 2978 finxisse,
697 2916 776 2983 qnae
798 2917 857 2960 nec
878 2893 1031 2979 Tamynis
1052 2917 1111 2960 nec
1129 2895 1198 2961 uilo
1217 2897 1291 2964 loco
1353 2916 1359 2928 ’

131 3020 204 3062 esse
225 3010 368 3082 possunt.
412 2997 533 3062 Coraca
550 2999 660 3062 maluit
679 2991 956 3087 ἀποκρινόμενον,
979 3019 1111 3082 eamque
1131 3001 1289 3064 coniectu·

130 3122 198 3162 ram
223 3101 318 3164 tuitus
338 3111 387 3162 est
409 3099 539 3184 Amyoti
558 3102 830 3185 interpretatione:
858 3119 921 3162 unc
938 3107 1034 3162 mette
1055 3101 1187 3180 separe'e
1203 3101 1243 3164 de
1256 3103 1291 3166 lu

125 3203 239 3285 pluine
263 3201 304 3264 de
332 3199 490 3284 Τανιμνιον.
544 3201 700 3266 Faciliora
726 3202 898 3264 mutatione
922 3197 1004 3262 Plut.
1026 3189 1137 3262 manus
1165 3204 1290 3268 restitui

129 3301 226 3385 'posse
247 3303 387 3382 videtur,
410 3306 438 3366 si
459 3303 649 3368 scribamus:
682 3300 835 3391 χαράδρᾳ
854 3295 983 3387 βαθείᾳ
1010 3291 1288 3387 ἅπορυυτόμενον,

128 3401 165 3464 in
178 3424 270 3486 quem
285 3407 496 3469 coniecturam
509 3407 619 3471 incidit
633 3407 729 3470 etiam
745 3401 888 3486 Fiuegel.
902 3401 925 3464 l.
942 3400 963 3464 l.
977 3423 1009 3486 p.
1027 3405 1067 3464 39
1075 3447 1085 3482 ,
1104 3423 1168 3466 non
1183 3416 1290 3470 tamen

130 3515 167 3566 ut
187 3503 334 3585 probaret
351 3510 443 3571 iuxta
459 3531 531 3572 cum
545 3509 634 3588 aliis,
655 3529 736 3593 quae
751 3506 962 3588 excogitavit,
982 3524 1059 3587 prae
1075 3520 1114 3567 co
1132 3506 1215 3590 quod
1232 3505 1290 3570 tibi

129 3602 287 3690 placuisse
304 3609 395 3689 dicit,
421 3601 701 3698 ἄπωχυρωμέυον,
723 3609 796 3693 quia
815 3604 955 3690 perfecto
977 3625 1057 3689 opus
1079 3617 1178 3690 putat.
1223 3605 1290 3672 Sed

129 3726 190 3768 neo
213 3703 316 3769 facilis
328 3733 367 3773 ea
380 3725 429 3775 est
440 3715 593 3791 mutatio,
614 3732 674 3773 nec
689 3729 766 3772 sane
781 3705 955 3791 perfectum
968 3710 1149 3772 necessario
1170 3712 1289 3794 requiri

130 3807 263 3870 videtum
305 3805 423 3876 Multus
444 3826 550 3878 eutem
571 3825 620 3876 est
636 3808 781 3894 Fiuegel.
808 3810 842 3874 in
870 3809 1090 3892 conquirendis
1117 3809 1286 3894 exemplis,

123 3907 245 3993 ¹quibus
260 3929 353 3992 quarn
369 3910 419 3975 hic
437 3926 526 3997 putat
546 3934 617 3978 esse
638 3909 810 3984 verborum
820 3911 1114 3995 transpositionem,
1135 3909 1287 3986 illustrem

130 4011 293 4094 coniungit
320 4012 419 4074 enirn·
455 4013 561 4102 λόφον
588 4015 655 4079 νοῦν
683 4010 763 4102 περὶ
797 4005 952 4093 Ταμύνας
980 4007 1160 4074 ἐπιπέδων.
1214 4007 1288 4083 Qua
1353 4089 1355 4094 ι

129 4114 164 4174 in
176 4131 210 4174 re
224 4102 370 4176 inutilem
386 4119 556 4200 consumsit
570 4129 709 4204 operam.
753 4111 894 4192 Quodsi,
914 4112 949 4176 id
970 4109 1055 4196 quod
1076 4129 1186 4174 terrun
1200 4123 1287 4193 puto,
1367 4141 1373 4152 ·

128 4202 398 4302 ἀπορυινόμενον
410 4212 527 4302 legas,
536 4219 667 4305 genitivi
682 4216 748 4285 coin
762 4209 842 4306 napi
862 4209 1016 4300 Ταμύνας
1034 4207 1206 4290 ἐπιπέδων
1223 4231 1287 4276 non
