3044 4986
582 221 872 298 ...27.....

14 415 23 438 ⁴·
147 394 245 478 (ill)
266 394 332 460 τῶν
359 394 464 494 κοινῇΙ
477 391 738 482 ’συμφερόντων
765 417 823 480 pro
849 399 915 462 τῶν
935 401 1031 487 κοινῇ
1056 398 1132 483 ξομ
1142 395 1311 486 φερόντων

147 496 374 560 restituendum
397 507 465 575 est,
498 497 654 580 siquidem
676 491 732 572 ξδν
751 496 792 560 ab
811 497 971 562 Aeschine
993 521 1146 584 nusquam
1172 502 1311 584 positum

148 595 392 682 deprehenditur
407 597 470 658 nisi
482 599 515 660 in
530 595 610 661 loeis
623 609 799 680 poetarum,
814 610 847 661 ut
858 597 994 662 Hesiodi
1004 599 1058 680 (ll.
1070 605 1139 664 158.
1152 599 1310 683 llutos),

147 698 308 784 Euripidis
323 696 360 780 (Ι.
374 697 467 799 152).
503 696 677 782 Propterea
689 701 784 762 etiam
800 697 824 763 l.
840 705 910 763 153.
932 701 1083 766 τοιοῦτον
1103 693 1204 766 αὐτὸν
1225 692 1311 768 εἶναι

150 789 269 887 οἷσπερ
290 793 406 885 ἥδεται
427 795 545 879 §ovele
565 813 599 861 ut
621 821 666 862 ex
689 800 841 886 Euripide
863 803 1030 885 repetitum
1051 815 1137 866 reete
1159 798 1310 888 scriptum

150 913 199 962 est
212 912 243 963 et
256 900 339 984 quod
355 899 467 963 eadem
485 901 660 964 imitatione
675 905 784 984 posuit
798 901 822 966 l.
842 907 913 966 154.
932 896 1043 988 χαίρει
1064 900 1101 966 δὲ
1122 904 1170 988 τῷ
1189 901 1311 988 ξυνῶνς

148 1023 212 1064 non
234 999 343 1064 debuit
362 1005 476 1086 opinor
499 1024 520 1064 a
538 1000 679 1066 Bel-kero
701 1005 826 1066 mutar-i.
868 1000 942 1067 Non
963 1001 1119 1066 absimile·
1135 1015 1202 1082 est,
1223 1005 1310 1089 quod

149 1123 245 1187 quum
264 1105 298 1165 iu
321 1101 481 1166 Aeschine
504 1105 602 1166 vicies
625 1106 736 1166 sexies
758 1099 853 1168 ἕνεκα
874 1104 1009 1189 legitur,
1037 1102 1137 1166 semel
1157 1113 1189 1173 et
1203 1100 1311 1169 alvena

150 1203 263 1287 (1.93.
277 1226 308 1288 p.
326 1207 409 1282 114.)
425 1216 457 1267 et
469 1199 575 1268 ἐνεκεν
591 1201 628 1284 (l.
643 1209 715 1268 170.
731 1227 763 1288 p.
780 1207 863 1289 166.)
876 1207 1043 1270 invenitur.
1084 1203 1168 1268 lllnd
1184 1205 1313 1292 quidem

150 1301 208 1388 (oi
235 1297 270 1370 δ’
291 1302 326 1370 ἐν
354 1305 434 1393 τῇδε
462 1305 505 1392 τῇ
533 1300 643 1392 ἡμέρᾳ
670 1301 900 1394 ῥηθησόμενοι
929 1303 986 1374 διὰ
1018 1301 1078 1391 τὴν
1111 1300 1220 1391 κρίσιν
1253 1306 1313 1392 τῆς

148 1401 309 1494 ὑμετέρας
332 1398 464 1494 ἀπάτης
484 1401 599 1487 ἕνεκα)
621 1427 665 1469 ex
688 1404 748 1487 bf,
771 1409 826 1491 qui
844 1404 939 1474 ἕνεκα
956 1407 1109 1488 offerunt,
1130 1409 1246 1491 corrigi
1258 1406 1313 1470 de·

86 1563 96 1573 .
149 1505 237 1580 buit;
267 1506 327 1570 hoo
341 1496 435 1591 (τῶν
448 1501 556 1594 ὅρκιον
576 1503 683 1572 ἕνεκεν
704 1497 763 1585 οὓς
783 1499 961 1592 ὠμόσατε)
990 1507 1126 1572 dubitari
1143 1520 1249 1593 potest
1270 1531 1313 1574 an

150 1605 191 1670 ab
217 1607 305 1670 hiatu
326 1611 565 1673 excusationem
585 1607 715 1685 haheat,
748 1631 842 1694 quam
861 1608 999 1674 Bedkerc'
1020 1610 1119 1672 fuisse
1142 1607 1313 1672 dubitatio·

150 1731 225 1772 uem
240 1710 314 1773 inde
335 1707 472 1794 colligo,
499 1710 584 1794 quod
604 1708 660 1774 ille
677 1709 734 1774 Ill.
756 1715 826 1774 115.
855 1699 893 1777 δν
913 1705 1099 1798 ἐβουλόμην
1117 1701 1159 1776 δν
1179 1709 1315 1776 πολλῶν

150 1805 246 1875 ἕνεκα
268 1807 325 1896 ζην
345 1813 537 1894 optimorum
560 1813 705 1875 codicum
722 1811 874 1896 (agata)
898 1815 1082 1896 scripturam
1107 1807 1213 1876 ἕνεκεν
1235 1832 1314 1896 prae

150 1909 280 1995 uulgata
293 1915 423 1996 sprevit.
457 1910 665 1998 *Quamquam
685 1912 789 1977 hiatus
804 1915 837 1977 in
853 1911 1013 1978 Aeschine
1028 1912 1166 1976 editores
1181 1914 1250 1976 iure
1266 1915 1315 1976 in-

152 2013 292 2076 offensos
306 2011 431 2078 habuitt
454 2000 501 2078 ῶν
519 2009 613 2078 ἕνεκα
636 2007 671 2080 οὶ
689 2008 788 2097 νόμοι
806 2012 862 2078 lll.
877 2021 929 2078 41.
973 2013 1023 2078 Cf.
1038 2011 1064 2078 l.
1089 2020 1142 2076 41.
1170 2010 1226 2076 llI.
1241 2017 1313 2077 175.

152 2113 218 2176 Sed
237 2115 334 2178 redeo
358 2114 399 2178 ad
419 2118 688 2200 praepositionem
711 2109 770 2193 εἷς.
809 2113 850 2180 ll.
866 2120 936 2181 154.
947 2139 979 2202 p.
996 2119 1067 2180 319.
1088 2107 1160 2180 ἐστι
1177 2111 1242 2202 γάρ
1265 2137 1317 2192 τις

151 2211 324 2302 ἐπιδημῶν
347 2209 442 2302 ἡμῶν
470 2209 518 2292 εἰς
545 2213 604 2302 τόν
630 2211 732 2282 πόλιν
754 2209 998 2306 Ἀριστοφάνης
1011 2209 1199 2290 Ὀλύνθιος.
1239 2215 1313 2292 Quo

151 2314 225 2378 loco
245 2317 330 2400 quod
345 2315 502 2380 Redderes
525 2337 569 2378 ex
584 2338 647 2378 uno
665 2322 681 2380 ι’
697 2321 832 2400 recepit:
854 2313 925 2388 ἐστι
945 2313 1008 2406 γάρ
1028 2339 1079 2393 τις
1100 2312 1135 2380 ἐν
1153 2339 1194 2401 τη
1215 2313 1316 2382 πόλει

152 2411 248 2499 ἡμῶν
272 2413 446 2501 ἐπιδημῶν
461 2408 510 2480 Ἀ.
528 2407 592 2490 ’0.,
625 2415 762 2477 id-nulli
782 2417 971 2500 placiturum
991 2418 1135 2479 divinans
1152 2413 1316 2480 Sabelli-us

153 2538 185 2602 p.
201 2521 250 2580 12.
264 2514 365 2580 falsus
380 2527 443 2589 est;
464 2536 538 2578 nam
552 2512 672 2598 placuit
685 2513 877 2580 Moetzoero
899 2518 940 2580 ad
954 2517 1088 2600 Lycurg.
1106 2539 1137 2602 p.
1152 2519 1229 2596 178,
1252 2520 1315 2582 nisi

154 2621 183 2682 is
198 2618 293 2681 aliam
308 2619 413 2702 potius
427 2619 630 2700 scripturam,
653 2618 743 2679 cuius
759 2630 920 2683 auctorem
937 2622 1136 2704 ignoramus,
1161 2613 1238 2684 ἐστο
1251 2616 1315 2707 γάρ

153 2743 204 2798 τις
226 2717 399 2806 ἐπιδημῶν
419 2710 514 2804 ἡμῶν
534 2713 569 2782 ἐν
590 2740 631 2803 τη
655 2714 756 2782 πόλει
774 2710 824 2784 Ἀ.
842 2711 905 2798 ’0.,
927 2742 1059 2784 assensn
1074 2742 1133 2784 suo
1147 2719 1317 2806 amplexus

154 2833 213 2884 est.
257 2817 416 2905 Quicquid
435 2831 501 2898 est,
523 2816 660 2881 dubitari
684 2841 748 2883 non
773 2833 880 2904 potest
900 2824 974 2907 quin
998 2823 1117 2886 codicis
1133 2821 1256 2886 ilectio
1271 2825 1318 2886 in-

154 2919 340 3005 terpolatori
353 2917 514 2982 debeatur.
537 2917 587 2982 Cf.
595 2918 651 2983 111.
660 2925 730 2984 258.
745 2912 915 3010 ’Ἀρθμιον
930 2920 987 2988 τὸν
1007 2918 1164 3012 Ζελείτην
1182 2961 1221 2970 -
1242 2921 1319 2990 a'rct-

155 3019 347 3110 δημήσαντα
365 3017 413 3098 εἷς
432 3018 492 3106 τὴν
508 3018 617 3087 πόλιν.
633 3020 773 3099 ,Itineris
788 3027 871 3087 enim
884 3027 986 3104 notio,
1002 3047 1096 3110 quiam
1111 3023 1320 3088 dlaetzuerue

156 3123 332 3202 desiderat,
354 3143 418 3185 non
434 3120 541 3202 abest,
563 3122 818 3208 quandoquidem
830 3123 1063 3208 Aristophanes
1077 3123 1135 3189 ille
1149 3123 1320 3206 Olynthius

155 3245 220 3287 non
230 3222 332 3287 fixam
350 3236 597 3310 perpetuamque
611 3225 722 3287 sedem
732 3226 766 3287 in
781 3223 860 3288 urbo
884 3224 1081 3290 Athenarum
1101 3223 1240 3304 hahere,
1260 3227 1320 3290 sed

157 3325 357 3410 frequentare
379 3347 451 3388 eam
473 3325 504 3388 h.
524 3349 553 3388 e.
576 3324 688 3407 erebro
705 3324 781 3388 illuc
796 3330 903 3391 venire
924 3319 1032 3414 ibique
1048 3329 1081 3390 in
1097 3339 1221 3410 tempus
1235 3349 1320 3391 oom-

159 3429 274 3493 morari
291 3426 414 3490 dieitur.
456 3422 540 3488 Nam
555 3425 616 3489 hoo
631 3425 759 3510 quidem
773 3448 958 3492 conoessum
975 3441 1068 3514 puto,
1096 3424 1270 3514 ἐπιδημεῖν
1285 3425 1321 3493 ἐν

159 3546 200 3610 τη
222 3522 320 3592 πόλει
347 3529 409 3592 dici
430 3531 483 3613 qui
503 3546 655 3612 praesens
681 3540 731 3591 est
752 3531 785 3592 iu
809 3527 897 3592 urbe
913 3552 972 3593 nec
992 3551 1126 3615 peregre
1150 3528 1321 3612 profectus.

161 3624 212 3688 Cf.
230 3622 285 3689 Ill.
301 3634 370 3693 128.
387 3651 418 3714 p.
433 3633 504 3692 519.
547 3627 659 3716 Itaque
674 3652 745 3692 eum
760 3632 857 3694 etiam
868 3633 902 3693 in
925 3629 1134 3695 collocatione
1153 3627 1322 3694 verborum

158 3721 255 3814 ἡμῶν
275 3723 321 3802 εἷς
340 3727 399 3816 τὴν
419 3727 519 3797 πόλιν
540 3730 599 3814 (cf.
623 3727 717 3817 ἡμῶν
737 3728 795 3806 ἐπὶ
813 3728 874 3819 την
891 3727 1003 3820 χῶραν
1022 3729 1077 3806 ΙΙΙ.Ι
1095 3735 1165 3794 131.
1185 3725 1280 3816 ἡμῶν
1300 3729 1327 3820 ἡ

160 3826 261 3905 πόλις
277 3825 332 3890 Ill.
348 3835 398 3892 88.
426 3829 521 3894 Iulio.
534 3829 664 3895 Annali.
678 3831 802 3916 philoll.
817 3832 929 3919 Suppl.
940 3831 995 3895 lll.
1010 3855 1041 3916 p.
1055 3833 1125 3915 25.)
1152 3830 1232 3895 nihil
1247 3834 1323 3897 insit

161 3929 363 4007 offensionis,
385 3931 544 4016 vulgatam
564 3946 638 3997 ante
655 3932 827 4012 Bellerum
848 3937 1034 4018 scripturam
1050 3941 1114 3996 u'on
1127 3931 1325 4017 indulgentia

162 4031 297 4114 quadam
313 4028 509 4113 (Beretum.
524 4033 613 4116 Synt.
628 4057 659 4120 p.
677 4039 762 4120 215.)
775 4041 827 4100 αεὶ
843 4037 901 4100 sed
913 4039 983 4119 ipsa
996 4035 1115 4098 iustitia
1129 4031 1323 4116 efflagitante

160 4133 372 4222 restituemus.
388 4169 427 4178 -
446 4131 501 4196 111.
517 4141 587 4198 154.
599 4158 630 4221 p.
645 4143 717 4202 542.
738 4129 1071 4228 προτρεπτικώτατον
1091 4132 1178 4221 πρὸς
1196 4126 1324 4221 ἀρετήν.

161 4229 251 4295 Libri
269 4231 404 4318 perboni
428 4234 578 4319 (μεττερ)
613 4234 674 4316 εἰς
702 4233 823 4329 ἀρετὴν
851 4238 986 4318 habeut,
1023 4235 1108 4322 qnod
1130 4255 1194 4297 non
1215 4234 1325 4298 dubito

161 4335 335 4421 praeferre.
357 4333 552 4402 01111139.
567 4329 644 4402 ἀλλ’
658 4335 749 4426 ὅμως
765 4335 874 4420 οὐδεὶς
888 4334 1028 4408 πώποτε
1043 4329 1170 4414 αὐτοὺς
1181 4329 1327 4422 ἐδυνήθη
