3044 4986
674 211 728 230 ..
788 165 962 248 80..

238 349 282 418 V.
295 351 347 416 25.
362 351 402 414 'in
414 337 619 435 ’διαφωνὴσῂ
637 343 792 433 habemus
807 339 941 409 verbum
964 335 1142 431 διαφανέα
1164 349 1285 412 rariore
1303 349 1401 432 signi-

238 452 335 519 ficatu
356 449 571 516 intercidentis
590 445 641 532 vel
655 447 832 531 pereundi,
858 467 952 532 quem
972 443 1128 528 Stephani
1147 445 1313 511 thesaurus
1330 447 1402 510 illn-
1487 465 1488 468 ’

239 566 319 620 strat
338 553 396 636 (cf.
418 553 514 614 etiam
535 545 632 612 Diod.
653 547 717 611 Sic.
741 546 834 610 XVI.
850 552 880 611 ³.
898 557 981 610 extr.
1002 558 1035 609 et
1053 543 1190 632 Interpp.
1205 547 1399 631 deesych.

239 677 270 722 v.
279 641 482 743 ὀιαφωνὲῖν).
502 647 647 712 Verbum
660 641 757 733 σῴζω
772 650 815 734 (v.
825 653 876 711 26.
892 647 1068 735 σέσῳσται)
1084 658 1116 709 et
1123 661 1249 714 caetera
1264 653 1370 714 omnia
1382 673 1402 714 a

240 757 347 822 radice
354 754 440 838 σῷος
454 751 596 814 derivata
607 748 775 828 vocabula,
791 749 879 813 velut
892 747 1037 833 Σῳκλῆς,
1060 744 1355 838 Σῴσανόροςσθῑῐ.,
1368 755 1401 816 in

241 851 467 942 antiquioribus
488 849 647 937 lapidibus
667 862 789 915 tantum
814 871 879 914 uon
906 869 1033 939 semper
1060 869 1131 913 cnm
1158 853 1225 943 iupa
1251 875 1400 942 παραγε-

115 965 116 970 ’
240 953 415 1046 γραμμένῳ
437 951 534 1017 scribi
555 950 650 1016 solita
670 954 747 1016 satis
765 954 830 1016 iam
854 961 964 1013 notum
980 961 1038 1013 est.
1058 983 1096 1000 -
1120 950 1158 1016 In
1177 948 1308 1039 ileliquis
1323 954 1401 1018 nihil

242 1070 292 1123 est
312 1056 398 1143 quod
418 1049 643 1133 observemus,
666 1055 729 1117 nisi
749 1051 832 1138 quod
854 1042 936 1134 μεθ’
960 1041 1069 1116 αὐτῶν
1096 1053 1143 1137 (v.
1160 1054 1229 1138 40.)
1250 1058 1400 1140 scriptum

243 1169 292 1225 est
305 1177 364 1244 pro
378 1147 454 1239 μετ’
469 1147 594 1232 αὐτῶν,
617 1173 676 1216 usn
692 1155 770 1218 satis
782 1155 855 1217 trito
871 1152 905 1215 in
920 1152 1056 1236 antiquis
1068 1151 1340 1239 inscriptionibus,
1362 1157 1402 1220 de

242 1281 305 1348 quo
326 1258 410 1322 dixit
425 1251 608 1319 Boeckhins
627 1252 650 1316 l.
668 1253 691 1317 l.
704 1276 736 1339 p.
750 1257 823 1316 278.
864 1247 1033 1336 Exemplis
1050 1250 1097 1316 ibi
1115 1253 1220 1319 allatis
1237 1257 1318 1320 adde
1338 1260 1402 1342 (ex

240 1358 333 1425 titolo
349 1355 523 1440 Amorgino
544 1353 681 1436 inedito)
698 1349 908 1429 καθιδόνσες,
933 1363 1029 1416 etex
1049 1352 1401 1442 hodiernagraecitate,

242 1481 324 1550 quae
344 1456 481 1544 plurima
500 1457 535 1518 id
554 1475 654 1540 genus
672 1466 818 1540 usurpat,
847 1453 1029 1538 quotidiana
1048 1457 1110 1520 ista
1131 1451 1190 1546 ἐφ’
1205 1452 1294 1536 ἔτος,
1314 1463 1401 1542 μεθ-
1446 1535 1448 1542 Ι

243 1555 362 1660 αὔριον
381 1568 455 1622 cett.
477 1591 516 1604 —-
536 1553 588 1620 De
614 1553 732 1640 templo
752 1553 918 1625 Mineruae
941 1553 1082 1620 Poliadis
1114 1579 1196 1643 qnae
1223 1559 1320 1624 fando
1350 1583 1402 1624 ac·

242 1665 383 1749 cepimus
405 1679 501 1743 supra
520 1658 604 1721 dicta
621 1669 702 1720 sunt.
746 1654 865 1720 Curam
881 1667 987 1728 autem
1005 1657 1123 1723 decreti
1137 1663 1171 1724 in
1193 1660 1300 1746 lapide
1323 1683 1402 1726 exa-

240 1764 348 1842 randi,
369 1772 405 1825 ut
425 1758 497 1824 fieri
518 1758 616 1842 solet,
636 1771 872 1846 paternorum,
893 1759 947 1846 qui
967 1780 988 1823 a
999 1759 1120 1848 populo
1136 1761 1348 1846 honorantur,
1368 1769 1400 1829 in

243 1886 286 1931 se·
300 1863 423 1950 recipit.
865 1887 867 1892 ⁸

702 2177 704 2182 ·
790 2141 852 2208 lx.

327 2260 435 2346 Prope¹
444 2254 619 2343 Aegialen3
629 2303 630 2306 ,
639 2254 769 2338 ididem,
788 2257 844 2322 nbi
855 2242 1021 2345 proicimus
1034 2259 1154 2327 titulus.

534 2403 536 2408 ’
651 2439 654 2449 ¹
696 2402 898 2497 Παρμενίων
946 2471 950 2482 ,

700 2505 758 2573 τὸν
779 2509 920 2597 πατέρα.

234 2672 236 2677 ·
325 2641 419 2708 Basis
432 2639 557 2703 videtur
571 2659 660 2718 esse,
682 2644 847 2727 supposita
859 2653 999 2722 statuae,
1019 2643 1155 2709 fortasse
1175 2641 1320 2729 Dionyso
1337 2645 1403 2712 Ae-

244 2745 380 2833 gialensi
396 2742 570 2844 dedicatae.
611 2740 662 2806 cf.
679 2745 917 2829 inscriptionem
933 2765 1014 2832 quae
1027 2748 1175 2831 proximo
1191 2750 1343 2834 sequitur.

800 3027 847 3092 X.

261 3121 263 3128 Ι
309 3142 364 3222 ΙῙιι
392 3142 538 3210 aedicula
565 3144 716 3216 semiruta
741 3142 775 3208 b.
801 3141 946 3227 Virginis
975 3133 1028 3225 (³0
1058 3142 1118 3233 τήν
1144 3142 1319 3234 Παναγίαν
1346 3148 1405 3238 cciv

245 3243 488 3337 κροσσμὲνην),
518 3247 601 3310 inter
619 3244 735 3308 rudera
753 3243 907 3328 Aegaiclet
928 3257 961 3308 et
980 3246 1084 3312 vicum
1106 3242 1270 3316 Tholaria.

448 3401 625 3499 Λεωνίδης
645 3409 715 3493 [coci
736 3410 829 3478 δεῖνα

416 3531 425 3548 ·
490 3515 630 3580 Acutum
651 3558 785 3579 .....

494 3611 550 3678 καὶ
569 3607 590 3700 ἦ
613 3610 702 3702 yades}
724 3606 827 3680 αὐτοῦ

492 3710 749 3804 ἱερασε[ύσανσες

533 3808 711 3903 Ampelon).
745 3823 747 3828 ’

327 3983 381 4048 Ad
404 3983 551 4048 denham
568 3987 645 4048 satis
666 3980 800 4048 multum
813 3981 927 4046 deesse
949 3981 1164 4052 demonstrant
1181 3978 1402 4070 supplementa

244 4105 355 4150 versus
369 4093 400 4150 4.
417 4100 449 4150 et
467 4091 506 4167 5,
535 4107 615 4172 quae
633 4097 726 4149 extra
747 4083 976 4150 dubitationem
997 4091 1101 4170 posita
1123 4093 1204 4152 sunt.
1245 4083 1282 4148 lu
1295 4084 1401 4168 primo

205 4177 208 4186 ¹
243 4188 455 4271 igitnr'uersu
476 4200 549 4271 post
570 4181 1017 4273 Acwnddpgpatronymicum
1043 4190 1203 4255 excidisse
1227 4184 1403 4274 putandum

246 4301 311 4364 est3
348 4291 406 4355 sed
425 4290 469 4369 dc,
491 4288 631 4352 secundo
655 4301 749 4355 versu
773 4290 848 4377 quid
867 4290 983 4358 faciam
1004 4293 1144 4372 nesam,
1177 4293 1240 4356 nisi
1261 4291 1343 4356 ione
1365 4291 1399 4352 in
