3044 4986
682 254 741 276 ...-
800 208 860 290 76*
911 253 971 271 ..-

252 412 265 442 μ
291 435 295 442 .
330 365 495 476 ψήφισμα
506 377 554 464 εἷς
565 382 604 453 τὸ
620 373 710 475 lapda
721 387 783 454 τοῦ
791 378 1019 464 Ἀπόλλωνος·
1039 339 1287 476 ἐπιμεληθῆναι
1299 385 1338 456 δὲ
1348 389 1407 476 τῆς

1239 478 1387 578 ἀναγρα-

94 567 122 584 „
190 583 192 588 ’
333 579 1408 678 φῆςτούςπρυτάνειςτούςπερὶἈ.....ον.........

333 737 344 757 .
365 736 529 758 ......
544 701 559 755 “.
579 735 590 756 .
607 691 690 776 ἧσαι
706 686 784 766 τοὺς
810 685 1073 771 [ν]ε[ω]ποι[οὐς1
1097 735 1107 755 .
1130 733 1171 755 ..
1191 733 1202 756 .

289 935 292 940 ,
332 855 538 922 Plebiscitum
552 840 791 942 (Minoitarum,
808 866 843 918 ut
857 854 1009 937 videtur),
1030 877 1092 944 quo
1106 855 1264 921 iudicibus
1280 854 1407 944 quibus·

251 960 323 1023 dam
342 959 391 1044 (v.
415 964 463 1021 10.
485 961 556 1035 τοῖς
575 955 763 1039 δικασταῖς)
783 958 960 1040 prorreniae
975 959 1025 1036 ius¹
1046 969 1078 1020 et
1094 979 1210 1050 corona
1224 979 1322 1024 aurea
1335 981 1407 1024 cum

250 1061 321 1126 aliis
336 1049 509 1124 honoribus
529 1059 746 1122 decernuntur.
788 1056 855 1150 llos
869 1070 975 1121 autem
987 1058 1109 1123 iudices
1124 1079 1188 1124 non
1200 1058 1414 1146 Amorginos,

250 1183 295 1226 ex
310 1159 440 1246 reliquis
460 1157 583 1223 insulae
607 1157 750 1245 oppidis,
770 1159 827 1220 sed
846 1179 975 1243 prorsus
997 1160 1183 1244 peregrinos
1202 1159 1302 1224 luisse
1316 1173 1405 1245 patet

249 1284 294 1327 ex
309 1283 339 1326 v.
352 1265 388 1346 3,
408 1258 465 1323 ubi
477 1261 517 1324 iis
528 1256 607 1322 belli
619 1260 768 1344 'pacisque
783 1271 924 1344 tempore
937 1258 1040 1324 libera
1052 1263 1085 1324 in
1100 1258 1231 1324 Mino'c'n
1244 1263 1404 1346 navigatio

246 1363 446 1451 promittitur.
488 1357 601 1444 Missi,
624 1359 736 1441 credo,
758 1359 884 1423 fucrant
904 1358 943 1422 ab
966 1359 1030 1423 alia
1052 1362 1186 1446 quadam
1206 1363 1333 1427 civitate
1351 1360 1404 1426 vel

129 1455 133 1462 ’
246 1453 366 1544 insula,
394 1483 474 1543 quae
497 1482 569 1525 cum
588 1457 741 1524 Minoetis
761 1460 892 1524 foedere
913 1463 1080 1524 coniuncta
1100 1463 1201 1542 esset,
1224 1461 1265 1526 ad
1290 1461 1404 1524 diiudi-

247 1565 363 1629 candas
387 1581 568 1626 communes
586 1561 746 1624 sociorum
764 1583 893 1642 causas,
917 1584 1018 1648 eoque
1039 1561 1143 1626 officio
1160 1560 1295 1627 honeste
1312 1575 1343 1626 et
1357 1565 1405 1626 in-

247 1681 336 1751 tegre
357 1663 496 1728 defuncti
514 1682 534 1723 a
551 1657 704 1741 Minoetis
723 1665 842 1728 meritis
863 1661 1037 1727 honoribus
1054 1663 1239 1730 afficiuntur.
1268 1663 1405 1728 =Similis

247 1765 423 1852 argumenti
441 1763 601 1838 decretum
618 1782 771 1848 perquam
793 1762 1000 1846 memorabile
1023 1777 1132 1832 exstat
1148 1762 1309 1849 MegariS,
1340 1786 1402 1849 quo

165 1875 168 1884 ’
248 1867 453 1932 Orchomenii
470 1864 592 1927 iudices
612 1853 766 1947 quosdam
787 1861 994 1948 Megarenses
1018 1887 1057 1928 eo
1075 1878 1235 1950 tempore,
1258 1886 1320 1951 quo
1333 1863 1404 1929 Me·
1477 1890 1479 1898 ⁴

245 1989 398 2058 garenses
420 1963 565 2028 Boeotici
586 1963 724 2027 foederis
742 1966 911 2048 participes
930 1966 1020 2029 fuere
1045 1967 1105 2052 (cf.
1121 1964 1232 2049 Polyb.
1250 1967 1330 2030 XX.
1346 1967 1403 2050 6.),

222 2123 223 2126 1
246 2071 288 2136 ad
312 2091 347 2134 se
365 2070 479 2132 missos
492 2065 623 2128 summis
637 2059 785 2127 laudibus
803 2079 1052 2149 prosequuntur:
1076 2089 1169 2152 quem
1185 2067 1308 2142 titulum
1323 2088 1403 2132 mox

200 2250 202 2255 Ι
245 2193 317 2238 cum
335 2168 479 2256 plurimis
502 2165 574 2229 aliis
592 2167 628 2228 in
650 2165 789 2230 secundo
819 2164 970 2229 fasciculo
999 2169 1238 2256 inscriptionum
1262 2191 1403 2233 mearum

172 2275 175 2286 '
243 2290 429 2359 graecarum
457 2268 576 2331 editum
596 2267 636 2330 iri
663 2265 815 2349 spondeo.
859 2266 925 2333 Sed
949 2271 1135 2331 revertimur
1154 2271 1219 2332 iam
1244 2270 1285 2332 ad
1310 2268 1402 2350 hanc,

214 2459 217 2466 Ι
245 2371 339 2460 quam
362 2391 445 2435 nune
468 2380 656 2447 tractamus,
683 2357 931 2453 inscriptidnem.
973 2365 1079 2432 Versu
1104 2369 1227 2433 decimo
1249 2368 1404 2434 habemus

244 2472 322 2551 τούς
335 2467 535 2560 σ1ρατηγούς
549 2467 626 2551 τοὺς
647 2467 726 2557 περὶ
740 2465 945 2557 Πάγκριτον,
970 2482 1044 2533 etv.
1064 2475 1113 2534 13.
1137 2467 1220 2547 τούς.
1228 2466 1405 2559 πρυτάνεις

245 2569 324 2649 eoric
351 2569 430 2659 napi
452 2563 492 2637 ’A
506 2614 618 2635 .....
633 2592 686 2645 ον,
724 2570 837 2632 eodem
865 2568 1149 2662 circumlocutionis
1169 2585 1305 2654 genere,
1339 2594 1401 2657 quo

247 2676 343 2737 etiam
368 2669 527 2732 Sicinctae
553 2669 587 2731 in
611 2663 786 2752 plebiscitis
814 2672 880 2733 suis
908 2668 1075 2734 utebantur
1096 2671 1178 2755 (vid.
1205 2669 1310 2736 Praei.
1335 2673 1400 2736 ind.

246 2770 346 2839 schol.
360 2769 477 2842 Athen.
488 2759 582 2854 ἢῆ.
599 2791 630 2852 p.
646 2767 720 2851 11.).
761 2766 892 2834 Praeter
911 2783 1016 2835 autem
1031 2775 1192 2857 praetores
1209 2783 1241 2834 et
1255 2783 1402 2857 prytanea

246 2872 301 2939 alii
314 2873 409 2955 etiam
423 2871 623 2954 magistratus
635 2873 804 2934 memorari
818 2871 960 2935 videntur
971 2894 1001 2936 v.
1020 2879 1074 2938 14:
1093 2873 1228 2937 fortasse
1242 2869 1403 2939 νεωποιοὶ

126 3028 131 3042 ,
244 2997 271 3040 s.
286 2970 397 3056 templi
410 2984 589 3052 curatores,
611 2971 875 3058 quemadmodum
893 2974 927 3037 in
943 2973 1040 3066 titulis
1052 2973 1154 3037 Pariis
1167 2975 1202 3052 in
1214 2971 1250 3037 C.
1261 2972 1287 3038 1.
1305 2971 1344 3039 G.
1359 2971 1401 3038 ll.

241 3097 274 3141 n.
290 3075 483 3137 2391496.
526 3063 579 3135 Ei<
595 3093 690 3136 versu
713 3073 847 3158 denique
865 3077 914 3136 11.
937 3073 1105 3155 discimus,
1125 3073 1258 3138 quenci
1277 3096 1401 3164 quoque
1507 3131 1508 3136 ,

243 3172 411 3240 delubrum
431 3172 530 3238 fuisse
549 3171 698 3254 Minoae,
718 3172 772 3238 vel
789 3186 873 3240 certe
884 3173 977 3242 ludos
993 3179 1027 3242 iu
1037 3174 1165 3241 lunonis
1181 3174 1335 3242 honorem
1348 3199 1401 3242 ee·

241 3275 362 3342 ‘lebrari
380 3271 503 3340 solitos.

794 3490 852 3558 Vl.
917 3549 922 3552 .

298 3631 299 3636 ¹
326 3601 468 3670 Marmor
496 3602 700 3690 oblongum,
715 3571 847 3687 iliadem,
883 3609 917 3671 in
932 3581 1090 3674 aedicula
1113 3604 1231 3672 beatae
1254 3606 1400 3692 Virginis

243 3705 447 3790 Centiportae
491 3701 687 3793 (Παναγίας
719 3703 1098 3796 Ἑκατονταπυλιανῆς),
1143 3733 1244 3799 prope
1283 3709 1400 3774 rudera

244 3804 355 3893 templi
372 3791 541 3890 Apollinis.

641 3956 752 4033 ’θεοῖς
765 3950 910 4038 δαίμοσι
964 3989 966 3993 ’

657 4047 941 4148 Ἐπαφρόδειτο[ς.

328 4219 414 4286 Inter
433 4215 536 4296 θεοὺς
557 4215 733 4305 δαίμονας,
763 4235 798 4288 ut
819 4247 914 4312 supra
933 4230 997 4294 iam
1017 4231 1210 4308 monuimus,
1231 4219 1400 4310 probabile

241 4337 296 4391 ‘est
311 4326 406 4391 etiam
424 4321 596 4402 Fotttmam
615 4325 859 4418 comprehendi,
885 4327 927 4395 ad
947 4331 1035 4395 cuins
1052 4332 1180 4416 signum
1197 4348 1217 4392 a
1239 4325 1399 4412 Syntyche
