3030 5002
639 263 698 293 ..·.
755 219 840 312 2'3'8
899 275 957 292 ..-

211 395 364 473 ¹‘Narraurn
384 392 515 477 xixa.
531 411 604 474 111.
628 410 772 478 xxxva.
788 413 860 474 717.
889 394 992 477 xum.
1007 409 1078 473 132
1100 415 1137 474 et
1155 407 1374 478 ef.‘Hemaa·

213 527 287 574 νπιιιι
308 509 349 573 ad
364 508 468 592 hymn.
484 510 592 596 Apuli.
617 529 647 574 v.
664 515 715 575 36.
757 509 937 592 Scripserat
955 518 1053 592 pacta
1064 505 1213 577 Ὕλλον
1234 509 1377 600 caynam

214 628 292 693 χινι.
334 607 474 674 Nomina
492 614 620 704 propria
634 615 732 676 ctiam
747 611 825 676 alibi
847 615 881 676 in
897 607 1017 686 Quinta
1034 619 1182 698 corrupta
1197 619 1281 677 sunt.
1323 613 1375 680 lta

210 715 314 778 'ctiam
327 712 409 775 infra
426 733 457 774 v.
474 715 524 775 87.
540 711 725 796 Spitznerus
747 716 780 775 in
797 720 894 776 ruant.
909 713 996 776 obss
1014 734 1044 797 p.
1061 717 1132 776 252.
1154 711 1319 793 Σχέδιον,
1343 721 1378 779 ct

216 834 247 879 v.
268 818 319 876 89.
344 811 586 879 Rhadamantem
611 809 776 902 Γαληνὸν
802 823 889 880 recta
917 814 1135 880 emendarunt.
1175 809 1246 879 Nec
1272 819 1377 902 suspi·
1504 815 1505 836 ¹

217 915 310 980 aione
324 921 411 978 caret
426 937 455 980 v.
467 920 518 978 86.

381 1024 514 1111 Κέβρον
526 1025 588 1112 μὲν
602 1018 732 1113 πρῶτον
747 1024 803 1094 καὶ
814 1019 960 1110 Ἀρίονα,
987 1017 1168 1092 Πασίθοόν
1181 1045 1226 1090 τε.

214 1115 268 1198 {a
282 1130 467 1216 iqchscne'us
485 1153 530 1199 cx
547 1135 768 1199 Rhadamant·
784 1138 976 1200 coniectura.
1021 1133 1086 1199 Sed
1101 1155 1173 1198 erum
1189 1137 1222 1198 ia
1237 1132 1311 1198 Ald.
1330 1133 1379 1198 le-

217 1241 313 1320 gatur
346 1232 549 1322 πρώτιστα
584 1235 642 1303 καὶ
665 1230 836 1326 Ἆρίιονα,
872 1237 1010 1323 suspicio
1040 1237 1142 1300 oritur
1174 1235 1235 1300 hcc
1261 1251 1378 1302 namen

218 1339 322 1420 magis
336 1339 433 1400 etiarn
448 1345 629 1420 corruptum
640 1359 729 1418 essa,
751 1341 786 1402 et
804 1338 881 1404 alim
896 1335 1055 1420 dactylum
1077 1337 1235 1400 effecisse.
1270 1335 1378 1418 *Cam-

217 1431 313 1502 rnade
336 1438 421 1506 enim
439 1432 611 1527 πρώτιστοι
631 1434 688 1503 καὶ
700 1433 850 1527 ’Ἀρμονα
867 1435 919 1502 vel
932 1431 1071 1523 Α’ᾲιονα
1092 1435 1143 1503 vel
1157 1438 1244 1502 alind
1255 1456 1374 1504 namen

216 1540 295 1625 pani
314 1540 431 1634 patuit.
713 1629 717 1636 ι

214 1651 219 1688 ³
293 1645 337 1712 V.
354 1641 413 1724 91.
444 1681 496 1696 -
515 1683 567 1698 --
591 1647 661 1716 κίεν
684 1641 722 1716 δ’
750 1643 822 1733 ἅμα
845 1649 962 1718 πίονι
981 1643 1062 1741 λαῷ.

218 1755 367 1842 Ineptum
387 1766 437 1823 est
459 1751 561 1838 πίων,
582 1763 651 1825 sive
674 1761 864 1840 dedititiis,
884 1763 953 1824 sive
971 1759 1011 1824 de
1033 1761 1174 1842 carparis
1186 1757 1379 1846 pinguedine

219 1861 404 1943 accipiatur.
446 1859 586 1936 Quintus
612 1865 784 1947 scripserat
821 1853 885 1944 ἅμ’
904 1852 1117 1949 ,ἀπείρονι
1144 1861 1225 1947 λαῷ.
1269 1861 1318 1926 cf.
1340 1864 1378 1926 11.

218 1963 289 2022 102.
312 1949 350 2037 ὃς
369 1955 420 2027 κίε
438 1958 522 2028 λαὸν
542 1953 633 2048 ι’έρων
652 1955 855 2053 ἆπεροίσιον.
876 1961 919 2026 V.
934 1967 1005 2026 556.
1027 1955 1177 2052 ἀπείρων
1193 1961 1380 2050 δυσμενέων

216 2057 308 2138 λαός.
1192 2063 1196 2070 ’
1305 2094 1308 2098 ·

294 2163 339 2234 V.
357 2177 417 2236 96.
445 2174 523 2260 πρὶν
537 2163 643 2260 δόμον
656 2152 694 2242 ’έν
707 2165 876 2260 Πριάμοιο
895 2159 1069 2259 aequitatui
1093 2166 1187 2259 δῶρα
1201 2151 1378 2266 asperam.

219 2277 284 2344 Cur
305 2281 338 2345 id
362 2289 492 2346 natatur
512 2291 605 2348 tanta
627 2287 677 2364 vi,
705 2302 724 2348 e
742 2283 866 2349 Priami
889 2281 1020 2350 aedibus
1043 2281 1212 2374 illum-non
1229 2282 1379 2348 retulisse

220 2383 321 2461 dana,
343 2406 413 2447 cum
428 2385 456 2447 is
472 2388 580 2470 patius
594 2385 744 2450 dicendus
762 2393 849 2450 esset
862 2407 925 2449 nan
943 2384 1062 2449 damam
1078 2385 1211 2449 rediisse
1228 2407 1298 2448 cum
1321 2384 1379 2447 da-

216 2481 289 2554 aisi.
330 2483 441 2548 Scribe
470 2484 550 2573 πρὶν
575 2480 693 2569 δόμον
718 2485 754 2554 tn
781 2489 849 2575 Πρ.
876 2498 937 2553 etc.
980 2485 1030 2552 cf.
1057 2484 1217 2550 Homerus
1247 2485 1292 2550 Ω.
1326 2488 1380 2549 76.

216 2577 270 2660 ι’ές,
284 2606 339 2648 κεν
356 2575 524 2664 Ἀχιλλεὺς
542 2582 659 2674 δώρων
679 2584 724 2654 ἐκ
744 2585 971 2673 Πριάμοιο
993 2581 1087 2674 λάχῃ.
1373 2647 1377 2653 .

299 2695 342 2761 V.
358 2702 418 2762 130
434 2719 503 2784 sqq.
525 2698 564 2761 de
585 2697 677 2763 Luna
696 2700 815 2786 legitur
835 2702 876 2765 ad
896 2703 1127 2786 Endymionem
1144 2699 1375 2766 descendente:

546 2803 664 2896 δριμύς
682 2803 747 2899 γὰρ
772 2804 868 2896 ἄγεν
885 2801 999 2890 πόθος
1023 2803 1159 2895 ἠιθέοιο
1252 2853 1254 2857 -

380 2903 559 2993 ἀθανάτην
579 2910 765 2983 πονέονοαν
790 2913 806 2948 *
832 2913 848 2948 *
872 2913 901 2982 ·*.
927 2901 968 2996 ἧς
992 2917 1040 2984 icc
1063 2915 1125 2984 νῦν
1150 2935 1215 3005 περ

379 3009 472 3093 εὐνῆς
497 3014 761 3100 οῆμαπὲινκται
785 3006 850 3083 ὑπὸ
876 3017 998 3105 δρυσίν.

217 3119 266 3189 ita
290 3139 334 3188 ex
354 3125 492 3210 antiquis
520 3125 711 3192 editionibus
734 3129 861 3212 scripsit
886 3125 1089 3210 chdscar'ac,
1112 3128 1174 3190 nisi
1197 3127 1281 3212 quad
1298 3125 1376 3192 illae

215 3226 386 3306 mendose,
409 3233 445 3288 at
457 3230 602 3311 saepius,
623 3226 779 3311 praebent
801 3219 878 3314 r'iye.
910 3227 947 3294 ln
962 3229 1075 3295 lacuna
1089 3233 1195 3290 autem
1215 3227 1377 3312 explenda

216 3351 279 3394 nan
301 3326 397 3392 salita
420 3325 575 3391 felicitate
598 3347 675 3390 usus
701 3341 750 3391 est
773 3327 1032 3411 Rhadamantem,
1069 3330 1123 3414 qai
1142 3326 1217 3390 addi
1237 3329 1378 3395 ualebat

216 3421 290 3496 ἐπ’
317 3421 456 3516 ἀνέρι,
492 3429 576 3513 quad
609 3435 739 3514 propter
769 3432 962 3497 antecedens
989 3423 1125 3518 ἠιθέοιο
1153 3427 1229 3490 ferri
1255 3434 1378 3516 nequit.

219 3531 310 3608 Quae
329 3527 670 3615 autemDaaaquea‘as
692 3537 724 3592 et
743 3529 889 3596 Panaciam
914 3531 1099 3596 hallucinati
1128 3535 1219 3606 suat,
1246 3531 1374 3597 silentia

147 3643 150 3653 '
215 3638 360 3718 praestat
388 3634 571 3714 praeterire.
612 3628 723 3715 Nuper
744 3628 929 3714 Spe'tznerrae
955 3633 976 3697 l.
1005 3653 1031 3696 ο.
1060 3653 1090 3711 p.
1113 3633 1203 3693 1169.
1232 3623 1300 3697 ἄπ’
1322 3627 1377 3697 ‹rt-¹

215 3729 322 3819 θέρος
339 3729 393 3794 vel
414 3723 480 3820 ἄρ’
499 3727 648 3820 ἅρματος
667 3734 911 3799 commendavit.
952 3730 1026 3812 Mc,
1054 3736 1092 3794 ut
1111 3728 1230 3817 aliquid
1256 3735 1289 3794 in
1312 3731 1375 3794 hac

124 3823 128 3830 ’
215 3831 289 3898 Ιοοο
315 3838 489 3913 tentarem,
518 3837 620 3897 movit
643 3831 813 3914 sedaretur,
843 3835 896 3918 qui
924 3833 957 3894 in
987 3833 1080 3917 epist.
1102 3835 1173 3896 erit.
1196 3841 1226 3916 p.
1250 3835 1299 3894 79.
1327 3851 1373 3895 ex

217 3935 287 3998 cdd.
307 3931 475 3998 Vaticanis
494 3937 535 4001 A
555 3942 589 3999 et
603 3939 635 4000 B
656 3935 782 4020 (quibas
803 3934 950 3998 mentiri
970 3931 1048 3997 dicit
1068 3933 1138 3998 cdd.
1154 3931 1373 4016 Matritenses)

214 4033 298 4102 hanc
309 4037 581 4099 commemoravit
601 4037 802 4121 scripturam:
1373 4071 1376 4077 ·

565 4138 681 4232 δριμὺς
704 4146 768 4234 γὰρ
789 4137 897 4229 ἄγαν
922 4135 1035 4221 πόθος
1059 4141 1194 4227 ἠιθέοιο

423 4236 605 4331 ἀθανάτην
626 4248 811 4316 ποιέουσαν
835 4247 1039 4334 ἐτείρετο·
1061 4248 1129 4315 κτλ.

215 4359 376 4448 Apparet,
397 4357 477 4426 illud
499 4349 601 4450 ὅρον
622 4358 768 4427 consulta
789 4379 861 4437 esse
879 4366 1048 4445 mutatam,
1068 4380 1128 4444 ne,
1149 4366 1297 4448 cnrnrptc
1314 4359 1373 4425 ilia
