3044 4986
627 221 946 354 l-as-

214 394 358 464 Bromius
381 399 506 486 legatos
533 423 597 466 non
624 425 644 467 a
672 404 768 467 sociis
788 403 886 488 ipsis,
920 403 979 468 sed
1000 425 1020 468 a
1040 399 1185 487 synedris
1206 407 1376 490 sociorum,

211 520 348 582 quorum
369 502 538 588 collegium
559 503 693 568 Athenis
716 515 801 584 erat,
827 508 981 568 sociorum
1005 497 1129 570 nomiae
1155 509 1271 571 missos
1292 529 1376 574 esse.

215 597 320 666 Call.
339 610 409 670 143.
422 627 454 692 p.
465 611 535 669 310.
552 601 609 670 καὶ
628 601 706 682 τούς
719 601 942 692 συμπρέσβεις
959 601 1017 670 καὶ
1035 601 1113 688 τούς
1133 598 1214 673 ἀπὸ
1234 609 1294 693 τῆς
1308 611 1376 674 τῶν

214 703 374 770 Βοιωτῶν
400 709 507 796 φυγῆς
529 700 724 796 ιἦρημένους.
766 701 822 768 ΙΙΙ.
837 709 889 770 98.
902 727 934 791 p.
942 711 1014 772 489.
1043 703 1209 773 δεδόσθαι
1229 706 1267 773 δέ
1288 701 1374 775 ἀπὸ

214 801 348 870 πάντων
369 804 493 874 τούτων
513 804 572 895 τήν
592 801 771 894 ἡγεμονίαν
790 799 867 888 ὑμῖν
873 853 883 884 ,
906 829 968 894 quo
985 806 1056 872 loco
1072 825 1144 872 men
1160 811 1287 894 quidem
1301 831 1375 874 sen-

214 906 312 969 tentia
334 929 393 986 nec
410 908 556 974 Bromius
577 904 749 987 ἁπάντων,
779 907 863 995 quod
882 929 941 993 pro
963 899 1034 974 ἀπδ
1059 905 1193 976 πάντων
1213 910 1375 976 inelle-

212 1008 310 1088 gitur,
332 1009 538 1094 comprobare¹
560 1031 619 1074 neo
638 1008 849 1074 Maetzaems
874 1009 915 1072 ad
939 1008 1075 1096 Lycurg.
1095 1001 1127 1096 p.
1141 1016 1192 1074 81.
1212 1003 1282 1077 ἀπὸ
1303 1019 1375 1077 vioe

211 1105 372 1189 legitoinoe
389 1105 571 1194 dmdfimgo'
588 1110 693 1174 dicere
714 1110 833 1175 debuit.
874 1108 950 1175 Non
975 1114 1059 1176 enim
1076 1111 1137 1175 hoc
1153 1113 1228 1176 dicit
1239 1111 1375 1176 Aeschi-

210 1226 286 1288 nes,
319 1210 395 1273 illos
416 1209 552 1295 populos
577 1213 787 1298 principatum
807 1215 875 1276 sive
895 1215 1001 1298 potius
1022 1216 1189 1299 imperium
1211 1211 1252 1276 ad
1273 1213 1375 1278 Athe-

209 1309 338 1374 nienses
357 1310 527 1393 detulisse,
553 1314 610 1376 sed
631 1335 689 1398 per
713 1337 770 1379 eos
786 1314 884 1379 licere
901 1311 1150 1378 Atheniensibus
1164 1312 1222 1378 illo
1238 1317 1373 1400 imperio

209 1409 317 1494 fungi,
342 1433 368 1476 s.
393 1411 433 1496 ab
455 1416 495 1476 iis
513 1413 727 1482 Athenienses
747 1416 934 1502 impeditum
951 1435 1015 1478 non
1039 1415 1079 1477 iri
1101 1417 1267 1500 quominus
1287 1437 1374 1481 sum-

209 1532 296 1575 mum
317 1516 485 1600 imperium
505 1519 687 1604 suscipiant.
718 1553 755 1568 ·-
785 1515 826 1584 ll.
845 1521 915 1581 133.
932 1538 963 1601 p.
979 1519 1051 1580 302.
1080 1518 1151 1592 τοῖς
1169 1511 1229 1592 τὰς
1248 1537 1373 1606 μυστη-

106 1623 109 1632 ’
209 1606 368 1700 ριιότιδας
394 1615 543 1696 σπονδὰς
571 1611 829 1706 ἀπαγγέλλουσι
862 1618 1075 1681 revocandum
1109 1637 1181 1681 esse
1215 1617 1273 1702 (cl.
1301 1623 1373 1684 134.

208 1733 241 1797 p.
261 1717 347 1798 303.)
367 1714 576 1784 Maetanerus
597 1741 721 1806 quoque
747 1720 788 1783 ad
813 1719 949 1806 Lycurg.
978 1742 1010 1805 p.
1040 1723 1110 1782 100.
1138 1717 1372 1786 animadvertit.

140 1840 142 1844 ·
209 1812 380 1881 Difficilius
400 1823 543 1904 quaestio
564 1833 613 1884 est
636 1821 675 1885 de
704 1821 804 1886 verbo
826 1813 1042 1887 ἀπευθύνειν
1062 1817 1118 1884 lll.
1142 1825 1212 1884 158.
1233 1842 1265 1905 p.
1281 1825 1381 1903 545„-

210 1935 304 1999 quem
330 1916 436 1983 locum
462 1923 509 1985 sic
535 1920 736 1986 scribendum
763 1935 841 2008 puto
867 1940 958 1986 esse:
991 1912 1066 1986 oilae
1094 1917 1195 1998 πόλις
1211 1917 1275 2010 γὰρ
1297 1914 1373 1988 οὔτ’

209 2009 344 2105 ἰδιώτης
373 2011 457 2110 ἀνὴρ
493 2014 602 2101 οὐδεὶς
639 2017 778 2088 πώποτε
811 2021 921 2098 καλῶς
952 2013 1141 2107 ἀπήλλαξε,
1159 2021 1376 2109 Δημοσθένει
1439 2072 1443 2084 ,

210 2115 385 2206 συμβούλῳ
397 2121 613 2210 χρησάμενος.
635 2119 728 2208 ὑμεῖς
749 2114 837 2203 δ’,εό
854 2113 971 2209 ἀνδρες
980 2114 1165 2208 Ἀθηναῖοι,
1188 2114 1248 2187 οὐκ
1260 2118 1376 2206 αἶσχό-

209 2223 325 2298 νεσθε,
361 2217 391 2287 εἰ
418 2219 476 2290 ἐπὶ
501 2222 563 2308 μέν
589 2223 667 2304 τούς
697 2223 877 2313 πορθμέας
903 2219 982 2299 τούς
1008 2215 1056 2299 εἷς
1086 2217 1260 2305 Σαλαμῖνα
1287 2247 1376 2315 πορ-

208 2317 396 2401 θμεύοντας
421 2321 524 2408 νόμον
548 2319 691 2404 ἔθεσθε,
721 2323 781 2392 ε’άν
807 2349 857 2402 τις
885 2316 993 2390 αὐτῶν
1021 2313 1112 2389 diuers
1131 2320 1176 2389 ’ἐν
1203 2325 1251 2409 τῷ
1277 2324 1374 2415 πόρῳ

209 2420 329 2488 πλοῖον
350 2417 538 2516 ἀνατρέψῃ,
574 2423 680 2514 τούτῳ
700 2424 747 2516 μή
770 2424 892 2505 ἐξεῖναι
911 2417 1014 2491 πάλιν
1034 2426 1188 2512 πορθμεῖ
1205 2423 1374 2511 γενέσθαι,

208 2521 263 2589 λ’να
284 2523 400 2610 μηδεὶς
418 2519 655 2615 αὐτοσχεδιάζῃ
677 2523 725 2604 εἷς
745 2525 786 2592 τὰ
808 2528 873 2593 τῶν
891 2522 1055 2612 Ἑλλήνιον
1075 2524 1230 2607 σιόματα,
1257 2523 1315 2592 τόν
1336 2526 1375 2594 δὲ

209 2621 269 2708 τήν
295 2620 438 2689 Ἑλλάδα
458 2623 526 2691 ’καὶ
558 2624 617 2714 την
649 2622 750 2692 πόλιν
781 2618 887 2716 ἀρδην
922 2619 1221 2713 ἀνατετροφότα,
1255 2629 1374 2694 τοῦτον

126 2783 135 2804 ,
210 2718 324 2790 dolosae
350 2720 453 2790 πόλιν
481 2725 692 2794 έπευθόνειν
718 2723 760 2792 τὰ
791 2727 921 2812 κοινάς
948 2723 1032 2790 Nam
1049 2745 1146 2810 quum
1166 2721 1373 2806 έπευθόνειν,

142 2911 143 2916 ¹
210 2839 245 2888 ut
259 2829 353 2890 estin
374 2848 421 2890 σε
417 2829 560 2912 fglmn
563 2849 588 2912 p
610 2840 793 2907 exaratum,
818 2840 925 2913 aptam
941 2828 1065 2891 adrem
1081 2824 1199 2888 habeat
1212 2825 1374 2910 significa-

211 2931 347 2992 tionem:
378 2929 492 2992 dicitur
513 2932 597 2992 enim
617 2929 658 2992 de
677 2927 889 3014 gubernatore
911 2952 1038 2994 cursum
1062 2930 1153 2992 navis
1178 2929 1213 2990 in
1235 2927 1375 3016 aliquem

122 3089 125 3097 .
209 3027 316 3092 locum
341 3030 496 3115 dirigente
524 3030 613 3114 (dms
640 3051 677 3094 er
701 3031 869 3094 octodorum
898 3031 1025 3110 doran
1045 3029 1092 3091 los
1112 3029 1276 3113 staterelz
1309 3035 1380 3098 non'

83 3201 84 3206 η
210 3131 308 3218 υἰδεο
341 3155 396 3196 cur
429 3130 561 3196 alteram
600 3153 733 3217 eamque
768 3132 960 3195 deteriorum
996 3128 1149 3192 librorum
1188 3133 1375 3214 scripturam

210 3223 414 3300 ἀπευθύνειν
439 3233 665 3318 praeferamus.
716 3231 889 3296 Praeterea
918 3228 1018 3294 tribus
1047 3231 1081 3292 in
1109 3227 1204 3293 rebus
1234 3231 1274 3293 ad
1304 3251 1375 3300 eam

210 3330 392 3415 lectionem,
407 3357 488 3422 quae
503 3347 575 3400 ante
588 3331 760 3396 Bellorum
773 3332 902 3416 vulgata
918 3342 1006 3410 erat,
1026 3330 1124 3393 redii:
1146 3333 1283 3414 primum
1299 3323 1376 3402 οότε

121 3463 124 3474 ’
211 3431 311 3512 πόλις
330 3433 409 3524 γάρ,
431 3459 564 3524 proquo
587 3434 674 3501 citt
694 3425 770 3500 οότε
790 3431 854 3523 μὰρ
875 3427 976 3509 πόλις
997 3429 1196 3511 obtulerunt,
1216 3438 1376 3502 revocavi.

213 3531 305 3608 Quae
322 3538 496 3621 particulae
517 3535 582 3627 μδρ
604 3536 773 3602 collocatio
797 3539 858 3601 etsi
879 3557 944 3600 non
964 3532 1029 3597 alio
1044 3530 1117 3596 loco
1132 3531 1302 3599 Aeschinis
1323 3560 1375 3602 re-

212 3639 352 3719 periatur
379 3640 475 3721 (nam
500 3637 588 3728 πρὸς
615 3635 730 3704 ένδειια
755 3635 818 3727 γὰρ
841 3629 1018 3724 ἀμφορέας
1038 3631 1082 3698 ll:
1102 3639 1172 3699 126.
1204 3629 1256 3702 δι’
1273 3631 1375 3705 αὐτόν

212 3735 276 3827 γὰρ
295 3738 352 3803 ΠΙ.
368 3745 441 3804 233.
463 3740 545 3804 alius
560 3753 632 3804 sunt
646 3741 809 3825 generis),
837 3752 944 3802 tamen
959 3758 1062 3824 neque
1084 3758 1142 3821 per
1159 3759 1211 3818 se,
1240 3740 1274 3803 id
1289 3740 1374 3825 quod

214 3831 353 3922 constat,
379 3841 600 3927 vituperallilis
625 3855 675 3906 est
699 3855 732 3906 et
755 3845 791 3905 in
820 3838 970 3923 antithesi
997 3836 1190 3922 singularem
1217 3839 1374 3927 quandam

213 3944 520 4007 commendationem
540 3941 648 4008 habet.
697 3941 801 4007 Multo
821 3963 898 4007 vero
921 3943 1048 4025 saepius
1072 3940 1225 4025 particula
1251 3934 1288 4003 δὲ
1310 3946 1375 4002 ter-

215 4051 291 4110 tium
315 4043 367 4109 vel
390 4067 409 4108 a
432 4047 669 4130 praepositione
699 4043 806 4110 locum
832 4044 929 4108 habet
956 4039 1014 4127 (ἐν
1043 4040 1142 4108 παντὶ
1160 4041 1198 4109 δέ
1218 4039 1242 4102 Ι.
1260 4044 1310 4105 62.
1332 4042 1374 4116 ci.

185 4155 187 4172 ·
212 4146 392 4212 151109.
413 4145 454 4210 11.
471 4151 636 4212 smum.
654 4151 810 4212 104.132.
831 4144 887 4209 111.
902 4149 952 4208 m.
970 4147 1020 4208 rc.
1036 4147 1106 4208 roo.
1120 4148 1191 4205 mo.
1204 4143 1300 4225 aaa)
1316 4143 1377 4209 sol
1422 4135 1430 4162 “

216 4247 256 4315 ab
274 4249 406 4313 articulo
429 4249 496 4336 (aqi
513 4248 620 4336 καιρῷ
641 4245 678 4314 δὲ
698 4247 738 4313 11.
754 4254 806 4314 27.
847 4245 1007 4312 calloo.
1024 4243 1195 4332 138178.)
1216 4242 1269 4306 vel
1286 4265 1376 4309 ane·

215 4355 322 4439 gativa
356 4342 439 4439 (οὐκ
459 4343 568 4439 ἀγνοοῖ
591 4349 629 4418 δὲ
651 4348 678 4417 I·
700 4362 732 4423 4.
753 4354 806 4419 67.
847 4349 888 4417 oi.
911 4351 935 4432 l.
955 4353 1007 4414 46.
1030 4353 1100 4412 108.
1124 4348 1281 4415 117121.
1303 4351 1374 4414 13³.
