3026 4992
400 201 869 282 .-133--

126 411 141 448 .·
211 361 304 464 oret
324 378 368 447 de
388 371 565 446 Aristotelii
587 378 817 457 hereditate&
839 378 898 444 55..
923 375 1009 448 οὕτω
1029 323 1068 446 55
1084 376 1142 445 καὶ
1158 376 1288 472 τούτοις

116 465 279 601 ,κρατερόν
290 477 379 546 ἐστιν
400 474 453 544 ὅτι
473 472 512 544 o5
534 477 768 568 προσηκόντως
786 475 898 561 έχουσι
920 483 1025 546 soiius
1053 477 1095 545 τὰ
1122 473 1284 602 χρήματα,

123 577 210 647 ὥστε
233 573 300 644 οὐκ
318 577 386 646 ἐπὶ
412 581 463 665 τῷ
489 577 642 658 δικαίως
638 574 865 669 Ἀρίσταρχον
896 577 1095 666 εἰσαχθῆναι
1122 576 1170 659 εἷς
1208 579 1285 660 τούς

123 677 299 802 φράτορας
323 677 381 747 τὸν
409 675 508 766 λόγον
528 683 704 746 ποιοῦνται
716 677 853 803 ρτόνον,
870 675 957 760 5555
978 679 1037 745 καὶ
1062 678 1156 770 δίκην
1183 678 1287 782 φασὶν

122 777 211 903 ὑπὲρ
241 779 366 846 τούτων
398 783 465 846 τῶν
486 779 679 902 χρνρμάτων
689 780 747 848 τὸν
783 781 914 872 πατέρα
946 780 1005 847 τὸν
1039 776 1166 847 ἑαυτῶν
1195 777 1287 848 ἐκτε-
1350 805 1352 808 ·

123 880 266 960 ττκέναι,
294 875 432 960 tva,’
417 876 466 948 ἄν
495 879 551 968 μή
588 875 679 946 κατ’
709 881 854 948 ἐκεῖνο
888 877 1067 960 δικαιως
1100 881 1284 948 δοκῶσιν
1374 893 1377 903 “

122 979 253 1064 ἔχειν,
290 984 396 1048 κατά
425 1006 467 1070 γε
502 985 630 1048 ταῦτα
664 977 841 1062 εἰκότως
875 979 1099 1074 προσήκων
1141 973 1283 1091 αὐτοῖς

122 1079 342 1172 φαίνηται.

122 1337 126 1350 .
204 1285 296 1352 Libri
316 1307 391 1352 mss.
413 1308 525 1352 omnes
546 1293 581 1350 et
601 1285 674 1350 edd.
695 1293 775 1351 vett.
798 1285 918 1352 habent
935 1281 1012 1354 κατ’
1032 1285 1171 1370 ἑστώσῃ
1196 1282 1282 1350 Bek'·

119 1387 217 1470 kerus
243 1396 278 1452 et
303 1386 543 1452 Schoemunnus
571 1390 753 1453 asciverunt
777 1387 901 1454 Reiskii
930 1390 1186 1454 emendationem
1210 1379 1282 1458 κατ’

122 1486 239 1555 ἐκεῖνο.
284 1486 383 1554 Cuius
406 1479 639 1555 emendationis
657 1511 720 1573 ego
741 1511 805 1554 noo
824 1493 913 1576 potui
925 1489 1021 1554 aliem
1033 1489 1178 1574 reperire
1192 1507 1283 1552 eaus-

120 1612 188 1654 sam
211 1592 273 1654 nisi
293 1589 394 1672 hene,
423 1593 511 1678 quod
530 1582 608 1654 κατ’
631 1588 755 1656 ἐκεῖνον
775 1595 836 1674 (τα.
856 1586 1042 1677 τὸνλόγον)
1064 1610 1174 1675 parurn
1194 1589 1283 1654 vide·

118 1699 208 1756 retur
235 1695 405 1756 conuenire
439 1691 646 1778 sequentibus
674 1686 759 1754 κατά
793 1702 829 1776 p‘e
856 1693 971 1758 ταῦτα.
1014 1691 1061 1756 At
1087 1693 1223 1774 priunum
1252 1693 1281 1754 si

118 1791 203 1856 bueo
231 1791 294 1855 ruit
321 1793 414 1856 istius
441 1794 672 1858 emendationis
700 1794 803 1871 ratio,
836 1813 899 1856 non
927 1785 1005 1856 κατ’
1035 1789 1191 1871 ἐκεῖνο,
1222 1793 1280 1856 sed

117 1884 188 1958 κατ’
218 1890 360 1960 ἐκεῖνα
394 1897 546 1978 seriptum
584 1893 764 1981 oportebat.
821 1891 948 1958 Deinde
984 1893 1059 1980 quid
1088 1901 1155 1972 est,
1194 1894 1281 1978 quod

118 1991 244 2073 ἐκεῖνον
265 1997 373 2078 potius
395 2019 487 2082 quarn
508 2000 613 2064 ταῦτα
635 1998 837 2074 emendetur,
859 1996 1020 2081 siquidem
1039 2001 1090 2058 est
1110 1996 1281 2072 emenden-

118 2096 194 2160 dum
220 2093 428 2160 alterutrumi
477 2095 596 2173 Quidni
631 2103 776 2170 servet'ur
803 2094 928 2164 ἐκεῖνον
958 2103 994 2160 et
1021 2103 1096 2181 pest
1122 2095 1290 2160 scribatur,

116 2195 253 2278 eo5uor}
292 2193 439 2283 Denique
470 2202 546 2284 quid
575 2203 705 2266 tandem
732 2199 895 2284 estquod
921 2201 1017 2262 istam
1042 2199 1185 2282 requirat
1204 2219 1279 2262 eon-
1332 2283 1335 2288 Ι

116 2299 314 2372 einoitritrem,
330 2299 652 2380 qmmnonflmeeis
674 2299 789 2378 solum,
810 2300 867 2364 sed
884 2298 977 2364 nobis
997 2319 1123 2382 qnoque
1145 2305 1179 2360 et
1193 2296 1280 2360 houd

117 2398 188 2480 seio
209 2415 250 2458 uo
271 2394 565 2482 erunibuspopulis
588 2399 712 2478 lipiturn
744 2403 787 2474 sit
819 2399 868 2462 his
894 2401 927 2460 in
949 2396 1046 2460 rebus
1068 2395 1178 2481 paullo
1196 2395 1278 2460 libe-

55 2533 57 2538 ·
116 2499 189 2562 rius-
202 2494 342 2578 versarii
383 2496 454 2582 Ego
476 2498 592 2564 saltem
612 2521 676 2564 non
699 2501 791 2564 video
815 2521 870 2563 eur
890 2497 1014 2564 ἐκεῖνον
1040 2499 1081 2561 ad
1108 2491 1207 2583 λόγον
1226 2519 1277 2562 τοι

115 2598 198 2664 ferri
215 2609 280 2662 nen
301 2601 421 2680 possit,
440 2622 629 2687 quamquam
650 2600 854 2686 subsequitur
871 2597 956 2666 κατὰ
975 2600 1091 2680 ταῦτα,
1113 2621 1158 2662 se.
1177 2589 1199 2664 5
1223 2596 1278 2666 λέ-

115 2705 239 2787 ρούσιν.
280 2695 403 2784 Neque
424 2703 456 2764 in
484 2699 570 2778 κατὰ
598 2697 702 2768 ταῦτα
724 2702 853 2783 haereo,
874 2703 936 2766 etsi
956 2699 1037 2764 iilud
1058 2699 1278 2785 qno.refertur

114 2822 214 2866 uurun
234 2807 358 2866 tanturn
387 2811 454 2882 est,
483 2812 520 2868 ut
546 2800 631 2869 κατὰ
652 2806 750 2870 τοῦτο
770 2807 874 2890 possit
895 2804 1098 2886 exspectari3
1119 2801 1160 2865 ei.
1180 2799 1276 2866 Dem.

117 2899 252 2984 Olynth·
267 2899 307 2964 ll.
328 2925 360 2986 p.
375 2909 425 2967 18.
449 2909 478 2983 ξ.
498 2910 528 2970 3.
549 2914 584 2972 et
601 2907 640 2970 de
655 2904 812 2988 Syrnmor.
833 2928 864 2989 p.
887 2907 957 2968 178.
983 2907 1011 2982 §.
1025 2907 1062 2989 3,
1077 2901 1134 2972 ubi
1146 2900 1276 2968 Bekke-

114 3025 171 3068 rus
192 3025 237 3068 ex
259 3003 329 3066 eod.
347 3003 383 3067 F.
399 3013 542 3070 eerreetu
561 3013 727 3089 reeuperat
747 3004 804 3070 diei
825 3007 939 3083 τοῦτο,
956 3004 1148 3068 Schneierus
1167 3011 1276 3068 tamen

117 3124 189 3170 eum
215 3105 471 3176 Arnersfoordtio
498 3114 533 3170 et
559 3104 772 3170 Boissooadie
802 3107 945 3170 defendit
971 3106 1057 3190 quod
1080 3104 1155 3168 libri
1183 3102 1276 3168 exhi·

116 3204 196 3270 beot
223 3211 327 3272 ceteri
344 3227 455 3272 ornnes
483 3205 541 3274 διὰ
566 3210 679 3274 ταῦτα.
730 3207 808 3281 Sed,
822 3207 928 3272 haesit
950 3207 1148 3290 nuperrimae
1170 3206 1276 3268 editor

118 3309 216 3372 etiem
235 3311 269 3373 in
290 3308 373 3372 aliis.
415 3309 465 3372 Ao
484 3312 619 3394 primum
641 3311 768 3396 quidern
788 3305 967 3397 προσήκων
988 3309 1020 3370 ei
1037 3308 1140 3370 visum
1155 3313 1206 3368 est
1226 3305 1274 3367 in·

116 3410 270 3472 concinne
293 3395 432 3490 dietum,
448 3412 533 3496 quod
554 3432 651 3497 supra
671 3412 792 3474 dixerit
809 3405 897 3498 ὑπὲρ
916 3406 1041 3474 τούτων
1064 3407 1130 3472 τῶν
1145 3398 1275 3494 χρημά-

116 3532 194 3576 των.
235 3509 300 3574 Seu
320 3521 428 3576 tamen
445 3533 488 3576 na
506 3514 576 3597 ipse
597 3513 725 3598 quidem
744 3518 855 3596 potest
874 3531 1010 3595 negare,
1036 3507 1164 3572 Isaeum
1193 3507 1273 3570 eatis

117 3611 302 3696 frequenter
326 3635 375 3694 ee,
394 3635 488 3700 quam
509 3633 605 3699 supra
618 3616 800 3678 summatim
818 3613 922 3696 attigi,
941 3610 1071 3675 lieentia
1086 3631 1157 3674 esse
1171 3628 1274 3694 usum,

114 3720 154 3778 at
172 3712 376 3793 nominatim,
414 3718 562 3800 quonism
589 3717 673 3801 apud
700 3737 773 3779 earn
804 3708 822 3779 5
844 3713 968 3800 κλϊρσς
994 3720 1028 3776 et
1053 3709 1095 3778 τὰ
1120 3708 1273 3800 χρήματα

116 3811 182 3878 uim
204 3807 324 3878 haberit
345 3818 490 3899 eandem,
507 3837 604 3902 saepe
624 3825 699 3901 post
719 3837 873 3934 χρηματα
894 3833 949 3877 ess
972 3812 1139 3878 verberum
1154 3813 1274 3877 fonsae

107 3913 283 3994 phialim,
304 3913 417 3999 quibus
439 3926 508 3982 erat
527 3920 696 3998 utendum,
728 3919 756 3982 si
781 3916 903 4004 κλῆρος
925 3923 1129 4038 usurpasset,
1150 3921 1184 3976 et
1205 3914 1273 3978 vioe
1381 3907 1383 3912 ’

117 4035 219 4079 versa.
262 4013 364 4080 Velut
391 4021 497 4080 statim
514 4020 649 4099 inira&
670 4023 719 4082 16
742 4012 772 4081 εἰ
792 4013 856 4103 γὰρ
876 4039 917 4102 ην
939 4012 1112 4106 ὑπόχρεως
1132 4001 1271 4090 οὗτοςό

116 4109 334 4204 555ppoq,'
303 4109 370 4182 οὔτ’
383 4141 426 4182 αν
435 4140 496 4205 χρν
485 4139 587 4202 ματα
601 4144 693 4186 ουτοι
703 4141 790 4206 οπερ
804 4110 1119 4198 αὐτῶνέξέτινοας
1141 4120 1213 4195 εὶς.
1221 4120 1273 4179 21.

118 4210 207 4284 ἀλλὰ
228 4243 300 4295 νυνι
289 4215 450 4290 δίκαων
475 4213 581 4286 εἰπεῖν
593 4209 759 4304 saw,
731 4243 759 4284 ω
781 4209 914 4310 ανδρες,
946 4215 1036 4298 τίνος
1051 4209 1274 4298 χτ1όντος,,οχω
