3044 4986
655 237 942 318 ..23—

218 412 484 501 προτρὲψασθαι
508 407 571 491 εἰς
598 411 658 501 τὴν
684 409 856 503 ὑμετέραν·
871 406 998 501 φιλίαν.
1039 409 1065 475 1.
1089 416 1159 476 135.
1181 409 1230 492 εἰς
1250 413 1381 500 γέλωτα

218 511 275 581 καί
295 511 398 603 λῆρόν
416 533 489 580 τινα
509 513 780 603 προτρεπόμενος
797 510 893 597 ὑμᾶς.
930 511 955 576 l.
973 516 1042 577 171.
1057 535 1089 599 p.
1109 515 1180 577 167.
1201 512 1239 580 cd
1258 511 1380 604 μειρά-

218 637 290 681 κιον
309 609 372 693 εἰς
386 611 446 702 τὴν
466 610 795 703 φιλανθρωπίαν
814 613 936 704 ταύτην
956 609 1276 702 προσκαλεσάμενος.
1319 616 1378 682 Sic

218 720 303 782 enim
330 738 374 782 ex
401 713 633 801 abdfglopq.
668 715 940 795 Ttom.lt1.,non
963 707 1010 792 εἰς
1034 712 1093 800 τήν
1119 711 1273 802 φιλίαν
1298 718 1377 782 scri-

175 889 177 894 ,
217 817 354 882 bendum
367 827 488 894 est‚·ut
502 829 590 901 patet
605 839 650 880 ex
663 815 688 880 l.
704 821 774 881 137.
796 812 954 906 ὁρίζομαι
974 807 1010 880 δ’
1028 804 1114 880 εἶναι
1133 813 1171 880 τδ
1192 815 1253 899 μὲν
1274 815 1351 906 δρυῒ
1358 845 1378 886 ν

216 919 283 986 τῶν
302 915 411 983 sciria
427 913 484 982 καί
504 912 689 1006 σωφρόνων
712 911 1020 1003 φιλανθρώπου
1041 910 1157 993 πόθος
1177 913 1234 982 καί
1252 910 1376 1004 εύγνιύ-

215 1040 317 1103 μονος
342 1019 470 1106 ψυχῆς,
500 1014 539 1083 cd
567 1016 605 1084 dd
632 1009 837 1104 ἀσελγαίνειν
864 1009 1025 1104 ἀργυρίου
1049 1013 1122 1081 τιυά
1139 1012 1378 1101 ’μισθούμενον

214 1114 374 1208 ὑβριστοῦ
393 1113 451 1184 καί
469 1108 674 1184 ἀπαιδεύτου
693 1111 815 1208 ἀνδρὸς
835 1111 933 1205 ἔργον
950 1106 1037 1183 εἶναι
1056 1111 1212 1202 ἡγοῦμαι.
1255 1117 1374 1184 Contra

215 1212 280 1288 ἐπ’
296 1211 417 1308 ἀρετὴν
434 1216 679 1306 προτρέψασθε
697 1215 813 1303 legitur
832 1216 857 1283 l.
880 1222 949 1281 191.
973 1254 1012 1266 -
1039 1215 1096 1281 ΠΙ.
1118 1223 1192 1284 206.
1208 1243 1238 1305 p.
1254 1223 1314 1282 595
1325 1241 1373 1305 sq.

214 1315 329 1407 ιίίσπερ
350 1308 410 1383 ούν
429 1315 465 1384 ἐν
488 1322 558 1396 τοῖς
584 1323 752 1405 γυμνικοῖς
772 1310 897 1404 ἀγῶσιν
918 1311 1017 1407 δρᾶτε
1045 1317 1122 1398 τούς
1147 1314 1274 1397 πύκτας
1296 1317 1377 1408 περὶ

213 1422 273 1507 τῆς
300 1417 447 1496 στάσεως
474 1410 634 1506 ἀλλήλοις
654 1417 963 1506 διαγωνιζομένους,
996 1415 1082 1485 οὕτω
1104 1420 1161 1487 καί
1180 1415 1275 1504 ὑμεῖς
1294 1416 1375 1508 όλιγυ

212 1509 274 1607 τὴν
286 1514 414 1606 ἡμέραν
433 1513 520 1608 ὖπέρ
539 1521 598 1606 τῆς
615 1517 748 1598 πόλεως
767 1517 924 1608 περὶτῆς
944 1518 1068 1599 τάξεως
1089 1515 1180 1608 αὐτῷ
1197 1523 1258 1586 τοῦ
1272 1517 1373 1606 λόγου

212 1617 363 1706 μάχεσθε
382 1617 440 1686 καί
464 1617 523 1708 μὴ’
537 1619 613 1686 ἐᾶτε
640 1614 740 1687 αάτδν
761 1617 808 1698 εἰς
832 1617 910 1697 τούς
931 1613 994 1698 ἔξω
1015 1624 1076 1688 τοῦ
1093 1618 1292 1712 παρανόμου
1314 1619 1373 1684 λό-

213 1745 292 1810 γους
320 1715 577 1807 περιίστασθαι,
607 1715 685 1812 dtr?
700 1717 925 1808 ἐγκαθήμενοι
950 1720 1007 1787 καί
1033 1720 1256 1812 ἐνεδρεύοντες
1276 1720 1311 1787 ἐν
1330 1723 1373 1808 τῇ

212 1817 374 1912 ἀκροάσει
397 1815 600 1888 εἰσελαύνετε
631 1814 731 1889 αύτδν
761 1818 808 1900 εἰς
835 1819 912 1900 τούς
937 1826 998 1887 τοῦ
1029 1823 1225 1912 πράγματος
1253 1821 1373 1908 λόγους

213 1919 271 1988 καί
294 1917 355 1998 τοίς
380 1919 546 2011 ἐκτροπὰς
573 1916 676 1989 αὐτοῦ
698 1925 764 1988 τῶν
787 1919 1110 2012 λόγωνὲπιτιγρεῖτε.
1153 1923 1198 1989 Ut
1217 1948 1299 1989 nunc
1319 1923 1371 1986 hic

210 2027 302 2091 locus
326 2021 489 2104 scribitur,
518 2023 599 2088 nihil
621 2036 671 2086 cst
693 2025 778 2110 quod
800 2026 870 2087 iure
891 2024 1052 2100 oll'endas3
1077 2048 1148 2088 nam
1165 2028 1248 2111 quod
1262 2039 1372 2112 quater

211 2111 297 2192 idem
315 2122 504 2188 vocabulum
523 2124 668 2211 (λόγος)
690 2129 827 2208 positum
848 2138 913 2202 est,
951 2126 1072 2190 scilicet
1094 2150 1157 2191 nou
1182 2133 1285 2213 magis
1305 2129 1370 2192 Ae-

212 2228 338 2320 schines
352 2224 601 2313 quamlpleriqne
618 2229 787 2311 scriptores
810 2225 1003 2290 Graecorum
1026 2228 1204 2292 laciendum
1223 2243 1372 2314 putarunt

211 2343 248 2398 ut
261 2328 431 2394 variandae
447 2329 599 2390 orationis
613 2350 726 2392 caussa
740 2341 813 2413 apta
830 2342 862 2391 ct
882 2329 1048 2392 commoda
1066 2329 1221 2393 vocabulo
1242 2353 1370 2416 sperne·

211 2445 291 2500 rent.
335 2429 401 2494 Sed
424 2419 521 2494 verba
551 2423 612 2508 εἰς
637 2426 732 2507 τούς
753 2441 825 2492 ante
854 2423 917 2507 ἔξω
939 2431 971 2491 in
996 2429 1157 2494 codicibus
1178 2433 1370 2520 ucdfgmn
1458 2424 1462 2433 ¹

214 2550 246 2600 et
262 2537 296 2598 in
317 2529 389 2595 edd.
414 2529 521 2613 vulgg.
542 2535 661 2594 omissa
685 2543 774 2604 suut3
805 2531 919 2594 deinde
941 2528 1073 2616 λόγου,
1096 2553 1159 2596 non
1180 2531 1314 2618 λόγους,
1335 2536 1369 2596 in

212 2637 235 2700 d
233 2636 288 2717 fg
307 2631 438 2713 lagnon
461 2641 569 2691 «contra
589 2630 673 2713 apud
694 2629 775 2691 Plin.
798 2629 898 2716 Epist.
917 2629 977 2692 Lx'.
994 2637 1044 2694 26.
1063 2632 1288 2697 sicscribitur:
1311 2630 1368 2695 καί

210 2731 256 2820 μή
283 2728 359 2796 ε’ἀτε
386 2720 487 2793 αἰτόν
512 2724 560 2806 εἰς
579 2726 657 2808 τούς
677 2731 738 2794 τοῦ
758 2727 962 2818 παρανόμου
979 2730 1097 2818 λόγους
1117 2727 1368 2822 περιίστασθαι,-

210 2827 297 2909 ἀλλοί
313 2824 536 2916 ἐγκαθήμενοι
555 2828 612 2895 καί
627 2829 849 2918 ἐνεδρεύοντες
865 2830 900 2898 ἐν
919 2834 962 2920 τῇ
982 2830 1185 2923 ἐκκλησίᾳ
1201 2835 1248 2918 (ιιι
1264 2831 1368 2914 alell)

209 2929 411 3000 εἰσελαύνετε
430 2921 530 3014 αόιδν
544 2923 592 3006 εἰς
608 2928 685 3007 τούς
705 2934 764 2996 τοῦ
786 2931 1039 3022 παρανόμου
1057 2940 1107 3020 (ιιι
1124 2936 1229 3018 ελύί)
1250 2931 1368 3021 λόγους

209 3045 300 3113 οειι.,
334 3043 369 3095 ιιι
400 3042 449 3095 sat
483 3033 643 3116 antiquam
675 3035 819 3098 codicum
854 3036 1063 3122 corruptelam
1100 3059 1171 3101 esse
1207 3048 1368 3123 appareat.

209 3138 331 3222 Aperta
353 3144 401 3196 est
421 3144 526 3196 ειιιειιι
546 3135 579 3196 in
592 3132 641 3199 his
658 3135 764 3199 verbis
776 3134 976 3202 libraricrmu
992 3138 1209 3221 interpolatio,
1232 3141 1285 3222 qui
1304 3140 1367 3222 pri·

208 3260 294 3302 mum
306 3232 406 3321 λόγου
420 3234 460 3297 εδ
472 3257 521 3296 vv.
536 3228 599 3310 ἔξω
616 3238 676 3300 τοῦ
692 3232 891 3322 παρανόμου
907 3238 1155 3323 adscripserunt3
1178 3238 1239 3301 hoc
1251 3239 1366 3302 deinde

209 3361 285 3405 casu
302 3348 356 3400 aut
379 3355 486 3400 errore
502 3337 535 3397 iu
555 3330 674 3418 λόγους
692 3348 855 3398 mutatum
867 3341 958 3422 qrrasi
973 3340 1129 3424 quandam
1144 3340 1365 3401 necessitatem

110 3479 111 3484 κ
208 3439 346 3503 librariis
373 3437 522 3519 imposuit
548 3433 649 3498 verba
668 3429 719 3520 εἰς
739 3433 816 3514 τοὺς
837 3439 991 3520 addendi,
1027 3441 1089 3502 nisi
1109 3438 1191 3502 forte
1211 3435 1365 3505 simillimi

208 3539 273 3603 loci
302 3537 478 3600 recordatio
503 3535 780 3621 interpolationem
808 3543 1001 3623 procreavit:
1031 3534 1190 3626 ὑμέτερον
1217 3531 1250 3604 δ’
1269 3533 1366 3627 ἔργον

209 3635 280 3706 doci
295 3633 382 3724 πρὸς
402 3639 505 3700 ταῦτα
525 3629 758 3716 ἀντιτετάχθαι
778 3636 835 3704 καί
855 3642 1007 3728 πανταχῇ
1025 3637 1366 3725 παρακολουθοῦντας

208 3738 347 3827 μηδαμῇ
374 3733 603 3824 παρεκκλίνειν
629 3729 730 3800 αὐτόν
761 3737 819 3803 dciv
848 3738 933 3826 μηδὲ
962 3744 1032 3818 τοῖς
1061 3733 1124 3817 ἔξω
1152 3743 1212 3806 τοῦ
1237 3734 1365 3828 ἀγῶνος

209 3836 322 3926 λόγοις
347 3833 625 3925 διισχυρίζεσθαι,
660 3829 865 3928 ἀλλίόσπερ
895 3838 930 3906 ἐν
955 3846 1029 3919 ταῖς
1054 3835 1297 3931 ἱπποδρομίαις
1317 3833 1365 3916 εἰς

209 3939 267 4007 τὸν
295 3940 355 4004 τοῦ
381 3930 576 4025 πράγματος
604 3929 707 4002 αὐτὸν
736 3940 748 4021 (
756 3961 798 4003 an
818 3933 921 4006 αάτού
929 3941 959 4026 1)
997 3941 1122 4032 δρόμον
1153 3939 1364 4010 εἰσελαύνετε.

209 4041 234 4106 Ι.
251 4045 322 4105 176.
364 4037 473 4121 ltaque
487 4049 593 4102 nostro
608 4036 679 4101 loco
696 4043 810 4124 opinor
828 4041 1005 4108 Aeschines
1027 4041 1084 4109 καί
1102 4043 1148 4133 prr)
1169 4045 1244 4111 ἐᾶτε
1265 4033 1365 4108 αὐτόν

209 4137 273 4221 ἔξω
294 4139 355 4205 τοῦ
374 4135 571 4224 παρανόμου
584 4135 826 4228 περιίστασθαι
840 4147 981 4230 scripsit,
992 4147 1013 4208 i.
1031 4167 1059 4210 ε.
1074 4168 1115 4210 no
1129 4148 1221 4210 sinite
1235 4164 1306 4206 cum
1323 4143 1363 4208 de
1381 4183 1384 4190 ι

209 4242 292 4327 legis
303 4236 475 4304 violatione
490 4250 647 4332 tamqpam
664 4243 703 4306 dc
717 4255 799 4308 statu
815 4267 874 4310 suo
889 4247 1053 4311 decedere.
1092 4243 1176 4310 Nam
1195 4241 1233 4309 τδ
1253 4241 1365 4331 παροί-

209 4364 313 4438 νομυν
341 4337 551 4406 Demostheni
578 4346 669 4432 quasi
696 4347 852 4434 quaedam
879 4346 994 4428 σιάσις
1020 4361 1086 4429 est,
1113 4367 1208 4433 quarn
1234 4343 1367 4437 firmiter
