<?xml version="1.0" encoding="UTF-8"?>
<!DOCTYPE html PUBLIC "-//W3C//DTD XHTML 1.0 Transitional//EN"
    "http://www.w3.org/TR/xhtml1/DTD/xhtml1-transitional.dtd">
<html xmlns="http://www.w3.org/1999/xhtml" xml:lang="en" lang="en">
 <head>
  <title>
</title>
<meta http-equiv="Content-Type" content="text/html;charset=utf-8" />
  <meta name='ocr-system' content='tesseract 3.04.00' />
  <meta name='ocr-capabilities' content='ocr_page ocr_carea ocr_par ocr_line ocrx_word'/>
</head>
<body>
  <div class='ocr_page' id='page_1' title='image "actasocietatisg00funkgoog_0097.png"; bbox 0 0 3026 4992; ppageno 0'>
   <div class='ocr_carea' id='block_1_1' title="bbox 574 193 864 278">
    <p class='ocr_par' dir='ltr' id='par_1_1' title="bbox 574 193 864 278">
     <span class='ocr_line' id='line_1_1' title="bbox 574 193 864 278; baseline 0 -23"><span class='ocrx_word' id='word_1_1' title='bbox 574 193 864 278; x_wconf 62' lang='lat' dir='ltr'><strong>...ffl-</strong></span> 
     </span>
    </p>
   </div>
   <div class='ocr_carea' id='block_1_2' title="bbox 134 369 1296 863">
    <p class='ocr_par' dir='ltr' id='par_1_2' title="bbox 134 369 1296 863">
     <span class='ocr_line' id='line_1_2' title="bbox 134 369 1295 458; baseline 0.002 -22"><span class='ocrx_word' id='word_1_2' title='bbox 134 371 291 458; x_wconf 75' lang='lat' dir='ltr'><strong>gibusquo</strong></span> <span class='ocrx_word' id='word_1_3' title='bbox 306 414 309 424; x_wconf 84' lang='lat'><em>·</em></span> <span class='ocrx_word' id='word_1_4' title='bbox 326 369 488 456; x_wconf 57' lang='lat' dir='ltr'><strong>ooffltsudi</strong></span> <span class='ocrx_word' id='word_1_5' title='bbox 524 369 611 436; x_wconf 80' lang='lat' dir='ltr'><strong>houd</strong></span> <span class='ocrx_word' id='word_1_6' title='bbox 641 373 869 438; x_wconf 81' lang='lat' dir='ltr'><strong>convenienter</strong></span> <span class='ocrx_word' id='word_1_7' title='bbox 896 372 1018 439; x_wconf 88' lang='lat' dir='ltr'><strong>dictum</strong></span> <span class='ocrx_word' id='word_1_8' title='bbox 1049 370 1153 438; x_wconf 78' lang='lat' dir='ltr'><strong>videri</strong></span> <span class='ocrx_word' id='word_1_9' title='bbox 1181 373 1295 457; x_wconf 76' lang='lat' dir='ltr'><strong>possit:</strong></span> 
     </span>
     <span class='ocr_line' id='line_1_3' title="bbox 135 470 1296 560; baseline 0.002 -22"><span class='ocrx_word' id='word_1_10' title='bbox 135 473 227 550; x_wconf 80' lang='lat' dir='ltr'><strong>Quae</strong></span> <span class='ocrx_word' id='word_1_11' title='bbox 248 472 377 559; x_wconf 84' lang='lat' dir='ltr'><strong>quidem</strong></span> <span class='ocrx_word' id='word_1_12' title='bbox 398 491 451 534; x_wconf 85' lang='lat' dir='ltr'><strong>res</strong></span> <span class='ocrx_word' id='word_1_13' title='bbox 471 493 523 535; x_wconf 91' lang='lat' dir='ltr'><strong>me</strong></span> <span class='ocrx_word' id='word_1_14' title='bbox 545 470 715 558; x_wconf 72' lang='lat' dir='ltr'><strong>clipuendo</strong></span> <span class='ocrx_word' id='word_1_15' title='bbox 732 475 849 553; x_wconf 88' lang='lat' dir='ltr'><strong>movit,</strong></span> <span class='ocrx_word' id='word_1_16' title='bbox 871 481 908 536; x_wconf 93' lang='lat' dir='ltr'><strong>ut</strong></span> <span class='ocrx_word' id='word_1_17' title='bbox 921 475 1112 548; x_wconf 75' lang='lat' dir='ltr'><strong>coniicerern</strong></span> <span class='ocrx_word' id='word_1_18' title='bbox 1124 473 1296 560; x_wconf 82' lang='lat' dir='ltr'><strong>legendum</strong></span> 
     </span>
     <span class='ocr_line' id='line_1_4' title="bbox 134 563 1294 668; baseline 0.001 -28"><span class='ocrx_word' id='word_1_19' title='bbox 134 594 224 640; x_wconf 87' lang='lat' dir='ltr'><strong>esse:</strong></span> <span class='ocrx_word' id='word_1_20' title='bbox 255 568 331 639; x_wconf 81' lang='grc' dir='ltr'><strong>ὅτε</strong></span> <span class='ocrx_word' id='word_1_21' title='bbox 350 567 414 660; x_wconf 77' lang='grc' dir='ltr'><strong>γάρ</strong></span> <span class='ocrx_word' id='word_1_22' title='bbox 433 568 517 649; x_wconf 71' lang='grc' dir='ltr'><strong><em>θεὸς</em></strong></span> <span class='ocrx_word' id='word_1_23' title='bbox 536 571 739 662; x_wconf 78' lang='grc' dir='ltr'><em>βουλόμενος</em></span> <span class='ocrx_word' id='word_1_24' title='bbox 767 563 810 639; x_wconf 82' lang='grc' dir='ltr'><strong>εὖ</strong></span> <span class='ocrx_word' id='word_1_25' title='bbox 839 575 981 666; x_wconf 80' lang='grc' dir='ltr'><em>ποιῆσαι</em></span> <span class='ocrx_word' id='word_1_26' title='bbox 1008 571 1047 640; x_wconf 81' lang='grc' dir='ltr'><strong>τὸ</strong></span> <span class='ocrx_word' id='word_1_27' title='bbox 1069 567 1169 668; x_wconf 61' lang='grc' dir='ltr'><em>άνάρ.</em></span> <span class='ocrx_word' id='word_1_28' title='bbox 1189 574 1294 661; x_wconf 77' lang='grc' dir='ltr'><em>γένος,</em></span> 
     </span>
     <span class='ocr_line' id='line_1_5' title="bbox 134 673 1294 763; baseline -0.001 -22"><span class='ocrx_word' id='word_1_29' title='bbox 134 695 236 763; x_wconf 83' lang='lat' dir='ltr'><strong>coque</strong></span> <span class='ocrx_word' id='word_1_30' title='bbox 250 673 492 761; x_wconf 75' lang='lat' dir='ltr'><strong>quocjp&#39;roxime</strong></span> <span class='ocrx_word' id='word_1_31' title='bbox 508 673 776 760; x_wconf 83' lang='lat' dir='ltr'><strong>subsequerentur</strong></span> <span class='ocrx_word' id='word_1_32' title='bbox 788 677 835 739; x_wconf 83' lang='lat' dir='ltr'><strong>ita</strong></span> <span class='ocrx_word' id='word_1_33' title='bbox 850 676 1023 759; x_wconf 83' lang='lat' dir='ltr'><strong>depravate</strong></span> <span class='ocrx_word' id='word_1_34' title='bbox 1035 680 1106 739; x_wconf 87' lang='lat' dir='ltr'><strong>es&#39;se</strong></span> <span class='ocrx_word' id='word_1_35' title='bbox 1120 677 1294 757; x_wconf 80' lang='lat' dir='ltr'><strong>crederem,</strong></span> 
     </span>
     <span class='ocr_line' id='line_1_6' title="bbox 134 773 1294 863; baseline 0.002 -23"><span class='ocrx_word' id='word_1_36' title='bbox 134 783 171 840; x_wconf 90' lang='lat' dir='ltr'><strong>ut</strong></span> <span class='ocrx_word' id='word_1_37' title='bbox 191 774 395 840; x_wconf 78' lang='lat' dir='ltr'><strong>delitesceret</strong></span> <span class='ocrx_word' id='word_1_38' title='bbox 422 774 498 839; x_wconf 86' lang='lat' dir='ltr'><strong>telis</strong></span> <span class='ocrx_word' id='word_1_39' title='bbox 513 773 632 863; x_wconf 71' lang='lat' dir='ltr'><strong>eliqua</strong></span> <span class='ocrx_word' id='word_1_40' title='bbox 660 779 835 840; x_wconf 86' lang='lat' dir='ltr'><strong>sententio:</strong></span> <span class='ocrx_word' id='word_1_41' title='bbox 852 773 1044 839; x_wconf 73' lang='lat' dir='ltr'><strong>‘homiuibus</strong></span> <span class='ocrx_word' id='word_1_42' title='bbox 1075 777 1178 860; x_wconf 88' lang='lat' dir='ltr'><strong>primo</strong></span> <span class='ocrx_word' id='word_1_43' title='bbox 1210 779 1294 842; x_wconf 80' lang='lat' dir='ltr'><strong>netis</strong></span> 
     </span>
    </p>
   </div>
   <div class='ocr_carea' id='block_1_3' title="bbox 9 877 1299 964">
    <p class='ocr_par' dir='ltr' id='par_1_3' title="bbox 9 877 1299 964">
     <span class='ocr_line' id='line_1_7' title="bbox 9 877 1299 964; baseline 0.001 -23"><span class='ocrx_word' id='word_1_44' title='bbox 9 903 11 914; x_wconf 63' lang='lat'><strong>¹</strong></span> <span class='ocrx_word' id='word_1_45' title='bbox 133 879 318 942; x_wconf 80' lang='lat' dir='ltr'><strong>necessario</strong></span> <span class='ocrx_word' id='word_1_46' title='bbox 344 897 487 963; x_wconf 75' lang='lat' dir='ltr'><strong>quaeque</strong></span> <span class='ocrx_word' id='word_1_47' title='bbox 516 880 687 962; x_wconf 82' lang='lat' dir='ltr'><strong>progenuit</strong></span> <span class='ocrx_word' id='word_1_48' title='bbox 706 879 810 964; x_wconf 85' lang='lat' dir='ltr'><strong>iisque</strong></span> <span class='ocrx_word' id='word_1_49' title='bbox 838 897 925 940; x_wconf 85' lang='lat' dir='ltr'><strong>mure</strong></span> <span class='ocrx_word' id='word_1_50' title='bbox 954 885 1135 962; x_wconf 83' lang='lat' dir='ltr'><strong>terramque</strong></span> <span class='ocrx_word' id='word_1_51' title='bbox 1162 877 1299 942; x_wconf 80' lang='lat' dir='ltr'><strong>tradidit</strong></span> 
     </span>
    </p>
   </div>
   <div class='ocr_carea' id='block_1_4' title="bbox 74 975 1356 2682">
    <p class='ocr_par' dir='ltr' id='par_1_4' title="bbox 74 975 1356 2682">
     <span class='ocr_line' id='line_1_8' title="bbox 136 975 1356 1065; baseline 0.002 -24"><span class='ocrx_word' id='word_1_52' title='bbox 136 980 227 1064; x_wconf 82' lang='lat' dir='ltr'><strong>quasi</strong></span> <span class='ocrx_word' id='word_1_53' title='bbox 242 979 391 1043; x_wconf 80' lang='lat' dir='ltr'><strong>nutrices.</strong></span> <span class='ocrx_word' id='word_1_54' title='bbox 433 977 479 1042; x_wconf 89' lang='lat' dir='ltr'><strong>At</strong></span> <span class='ocrx_word' id='word_1_55' title='bbox 495 980 528 1041; x_wconf 89' lang='lat' dir='ltr'><strong>in</strong></span> <span class='ocrx_word' id='word_1_56' title='bbox 543 978 608 1043; x_wconf 72' lang='lat' dir='ltr'><strong>&#39;teli</strong></span> <span class='ocrx_word' id='word_1_57' title='bbox 623 978 784 1064; x_wconf 81' lang='lat' dir='ltr'><strong>sophista,</strong></span> <span class='ocrx_word' id='word_1_58' title='bbox 806 977 932 1065; x_wconf 85' lang='lat' dir='ltr'><strong>qualem</strong></span> <span class='ocrx_word' id='word_1_59' title='bbox 943 977 1098 1042; x_wconf 83' lang='lat' dir='ltr'><strong>hebemus</strong></span> <span class='ocrx_word' id='word_1_60' title='bbox 1115 975 1295 1063; x_wconf 80' lang='lat' dir='ltr'><strong>Antiphon·</strong></span> <span class='ocrx_word' id='word_1_61' title='bbox 1354 1013 1356 1018; x_wconf 83' lang='lat'><em>.</em></span> 
     </span>
     <span class='ocr_line' id='line_1_9' title="bbox 135 1078 1295 1165; baseline 0.003 -23"><span class='ocrx_word' id='word_1_62' title='bbox 135 1086 221 1159; x_wconf 87' lang='lat' dir='ltr'><strong>tem,</strong></span> <span class='ocrx_word' id='word_1_63' title='bbox 233 1081 352 1146; x_wconf 88' lang='lat' dir='ltr'><strong>‘nescio</strong></span> <span class='ocrx_word' id='word_1_64' title='bbox 377 1100 417 1144; x_wconf 85' lang='lat' dir='ltr'><strong>au</strong></span> <span class='ocrx_word' id='word_1_65' title='bbox 435 1078 512 1144; x_wconf 77' lang='lat' dir='ltr'><strong>fe&#39;rri</strong></span> <span class='ocrx_word' id='word_1_66' title='bbox 527 1081 632 1165; x_wconf 80' lang='lat' dir='ltr'><strong>possit</strong></span> <span class='ocrx_word' id='word_1_67' title='bbox 649 1079 829 1144; x_wconf 88' lang='lat' dir='ltr'><strong>huiusmodi</strong></span> <span class='ocrx_word' id='word_1_68' title='bbox 849 1079 1026 1144; x_wconf 76' lang='lat' dir='ltr'><strong>sententiar</strong></span> <span class='ocrx_word' id='word_1_69' title='bbox 1047 1099 1119 1142; x_wconf 89' lang='lat' dir='ltr'><strong>eum</strong></span> <span class='ocrx_word' id='word_1_70' title='bbox 1140 1079 1218 1142; x_wconf 92' lang='lat' dir='ltr'><strong>deus</strong></span> <span class='ocrx_word' id='word_1_71' title='bbox 1236 1078 1295 1145; x_wconf 86' lang='lat' dir='ltr'><strong>hu·</strong></span> 
     </span>
     <span class='ocr_line' id='line_1_10' title="bbox 74 1179 1331 1266; baseline -0.001 -20"><span class='ocrx_word' id='word_1_72' title='bbox 74 1187 76 1192; x_wconf 82' lang='grc'>’</span> <span class='ocrx_word' id='word_1_73' title='bbox 134 1201 264 1246; x_wconf 86' lang='lat' dir='ltr'><strong>manum</strong></span> <span class='ocrx_word' id='word_1_74' title='bbox 281 1203 381 1266; x_wconf 85' lang='lat' dir='ltr'><strong>genus</strong></span> <span class='ocrx_word' id='word_1_75' title='bbox 397 1179 503 1246; x_wconf 86' lang='lat' dir='ltr'><strong>facere</strong></span> <span class='ocrx_word' id='word_1_76' title='bbox 516 1183 655 1244; x_wconf 86' lang='lat' dir='ltr'><strong>ooirnum</strong></span> <span class='ocrx_word' id='word_1_77' title='bbox 672 1182 854 1262; x_wconf 78' lang='lat' dir='ltr'><strong>induceret,</strong></span> <span class='ocrx_word' id='word_1_78' title='bbox 875 1183 995 1246; x_wconf 78' lang='lat' dir='ltr'><strong>creavit</strong></span> <span class='ocrx_word' id='word_1_79' title='bbox 1003 1181 1144 1244; x_wconf 82' lang='lat' dir='ltr'><strong>maiores</strong></span> <span class='ocrx_word' id='word_1_80' title='bbox 1157 1187 1295 1245; x_wconf 85' lang='lat' dir='ltr'><strong>nostros.</strong></span> <span class='ocrx_word' id='word_1_81' title='bbox 1329 1203 1331 1208; x_wconf 93' lang='lat'>·</span> 
     </span>
     <span class='ocr_line' id='line_1_11' title="bbox 133 1276 1297 1373; baseline -0.002 -25"><span class='ocrx_word' id='word_1_82' title='bbox 133 1280 184 1348; x_wconf 88' lang='lat' dir='ltr'><strong>Ac</strong></span> <span class='ocrx_word' id='word_1_83' title='bbox 198 1285 321 1369; x_wconf 88' lang='lat' dir='ltr'><strong>nequis</strong></span> <span class='ocrx_word' id='word_1_84' title='bbox 335 1281 393 1347; x_wconf 84' lang='lat' dir='ltr'><strong>ille</strong></span> <span class='ocrx_word' id='word_1_85' title='bbox 411 1279 490 1360; x_wconf 78' lang='grc' dir='ltr'><strong>τούς</strong></span> <span class='ocrx_word' id='word_1_86' title='bbox 511 1284 645 1369; x_wconf 73' lang='grc' dir='ltr'><em>πρῶτον</em></span> <span class='ocrx_word' id='word_1_87' title='bbox 664 1280 858 1369; x_wconf 64' lang='grc' dir='ltr'><em>γενομένους</em></span> <span class='ocrx_word' id='word_1_88' title='bbox 879 1276 1155 1370; x_wconf 45' lang='lat' dir='ltr'><strong>&amp;redundemus</strong></span> <span class='ocrx_word' id='word_1_89' title='bbox 1167 1287 1297 1373; x_wconf 83' lang='lat' dir='ltr'><strong>praeter</strong></span> 
     </span>
     <span class='ocr_line' id='line_1_12' title="bbox 135 1377 1304 1470; baseline -0.001 -22"><span class='ocrx_word' id='word_1_90' title='bbox 135 1384 397 1448; x_wconf 85' lang='lat' dir='ltr'><strong>consuetudinem</strong></span> <span class='ocrx_word' id='word_1_91' title='bbox 424 1383 588 1468; x_wconf 83' lang='lat' dir='ltr'><strong>vulgarem</strong></span> <span class='ocrx_word' id='word_1_92' title='bbox 615 1382 805 1464; x_wconf 77' lang='lat' dir='ltr'><strong>dictasint,</strong></span> <span class='ocrx_word' id='word_1_93' title='bbox 830 1404 960 1470; x_wconf 84' lang='lat' dir='ltr'><strong>prorsus</strong></span> <span class='ocrx_word' id='word_1_94' title='bbox 985 1377 1195 1466; x_wconf 76' lang='lat' dir='ltr'><strong>improbando</strong></span> <span class='ocrx_word' id='word_1_95' title='bbox 1222 1385 1304 1447; x_wconf 78' lang='lat' dir='ltr'><strong>esse&#39;</strong></span> 
     </span>
     <span class='ocr_line' id='line_1_13' title="bbox 135 1480 1296 1572; baseline 0 -22"><span class='ocrx_word' id='word_1_96' title='bbox 135 1491 282 1568; x_wconf 80' lang='lat' dir='ltr'><strong>censeat,</strong></span> <span class='ocrx_word' id='word_1_97' title='bbox 305 1485 489 1572; x_wconf 82' lang='lat' dir='ltr'><strong>accipienda</strong></span> <span class='ocrx_word' id='word_1_98' title='bbox 503 1507 543 1550; x_wconf 87' lang='lat' dir='ltr'><strong>ee</strong></span> <span class='ocrx_word' id='word_1_99' title='bbox 557 1505 629 1549; x_wconf 84' lang='lat' dir='ltr'><strong>esse</strong></span> <span class='ocrx_word' id='word_1_100' title='bbox 648 1491 770 1550; x_wconf 79' lang='lat' dir='ltr'><strong>statuet</strong></span> <span class='ocrx_word' id='word_1_101' title='bbox 794 1507 832 1551; x_wconf 88' lang='lat' dir='ltr'><strong>ec</strong></span> <span class='ocrx_word' id='word_1_102' title='bbox 846 1487 876 1550; x_wconf 91' lang='lat' dir='ltr'><strong>si</strong></span> <span class='ocrx_word' id='word_1_103' title='bbox 891 1484 1072 1569; x_wconf 81' lang='lat' dir='ltr'><strong>scripsisset</strong></span> <span class='ocrx_word' id='word_1_104' title='bbox 1087 1489 1197 1547; x_wconf 80' lang='lat' dir='ltr'><strong>orator</strong></span> <span class='ocrx_word' id='word_1_105' title='bbox 1216 1480 1296 1562; x_wconf 79' lang='grc' dir='ltr'><strong>τούς</strong></span> 
     </span>
     <span class='ocr_line' id='line_1_14' title="bbox 136 1580 1298 1674; baseline -0.001 -22"><span class='ocrx_word' id='word_1_106' title='bbox 136 1581 322 1674; x_wconf 75' lang='grc' dir='ltr'><strong><em>προγόνους</em></strong></span> <span class='ocrx_word' id='word_1_107' title='bbox 338 1580 447 1673; x_wconf 62' lang='lat' dir='ltr'><strong>niptris:</strong></span> <span class='ocrx_word' id='word_1_108' title='bbox 470 1584 555 1672; x_wconf 87' lang='lat' dir='ltr'><strong>quod</strong></span> <span class='ocrx_word' id='word_1_109' title='bbox 569 1587 599 1650; x_wconf 89' lang='lat' dir='ltr'><strong>si</strong></span> <span class='ocrx_word' id='word_1_110' title='bbox 612 1588 665 1649; x_wconf 93' lang='lat' dir='ltr'><strong>oui</strong></span> <span class='ocrx_word' id='word_1_111' title='bbox 681 1585 790 1651; x_wconf 89' lang='lat' dir='ltr'><strong>dorius</strong></span> <span class='ocrx_word' id='word_1_112' title='bbox 801 1607 873 1650; x_wconf 87' lang='lat' dir='ltr'><strong>esse</strong></span> <span class='ocrx_word' id='word_1_113' title='bbox 887 1585 1048 1664; x_wconf 80' lang='lat' dir='ltr'><strong>rideatur,</strong></span> <span class='ocrx_word' id='word_1_114' title='bbox 1068 1583 1158 1669; x_wconf 82' lang='lat' dir='ltr'><strong>legat</strong></span> <span class='ocrx_word' id='word_1_115' title='bbox 1175 1586 1204 1648; x_wconf 90' lang='lat' dir='ltr'><strong>is</strong></span> <span class='ocrx_word' id='word_1_116' title='bbox 1218 1582 1298 1664; x_wconf 81' lang='grc' dir='ltr'><strong>τούς</strong></span> 
     </span>
     <span class='ocr_line' id='line_1_15' title="bbox 136 1681 1297 1774; baseline -0.002 -22"><span class='ocrx_word' id='word_1_117' title='bbox 136 1682 300 1774; x_wconf 79' lang='grc' dir='ltr'><em>πρότερον</em></span> <span class='ocrx_word' id='word_1_118' title='bbox 320 1685 514 1773; x_wconf 78' lang='grc' dir='ltr'><em>γενομένους</em></span> <span class='ocrx_word' id='word_1_119' title='bbox 532 1681 642 1774; x_wconf 59' lang='lat' dir='ltr'><strong>niptris:</strong></span> <span class='ocrx_word' id='word_1_120' title='bbox 664 1688 742 1752; x_wconf 89' lang='lat' dir='ltr'><strong>deus</strong></span> <span class='ocrx_word' id='word_1_121' title='bbox 754 1709 812 1752; x_wconf 91' lang='lat' dir='ltr'><strong>eos</strong></span> <span class='ocrx_word' id='word_1_122' title='bbox 827 1685 922 1767; x_wconf 83' lang='lat' dir='ltr'><strong>eluit,</strong></span> <span class='ocrx_word' id='word_1_123' title='bbox 944 1688 998 1773; x_wconf 90' lang='lat' dir='ltr'><strong>qui</strong></span> <span class='ocrx_word' id='word_1_124' title='bbox 1012 1687 1099 1772; x_wconf 85' lang='lat' dir='ltr'><strong>prius</strong></span> <span class='ocrx_word' id='word_1_125' title='bbox 1118 1705 1212 1771; x_wconf 83' lang='lat' dir='ltr'><strong>quem</strong></span> <span class='ocrx_word' id='word_1_126' title='bbox 1226 1706 1297 1768; x_wconf 89' lang='lat' dir='ltr'><strong>nos,</strong></span> 
     </span>
     <span class='ocr_line' id='line_1_16' title="bbox 134 1785 1297 1872; baseline 0.003 -21"><span class='ocrx_word' id='word_1_127' title='bbox 134 1790 156 1852; x_wconf 92' lang='lat' dir='ltr'><strong>i.</strong></span> <span class='ocrx_word' id='word_1_128' title='bbox 173 1811 201 1851; x_wconf 88' lang='lat' dir='ltr'><strong>e.</strong></span> <span class='ocrx_word' id='word_1_129' title='bbox 223 1795 297 1852; x_wconf 83' lang='lat' dir='ltr'><strong>ente</strong></span> <span class='ocrx_word' id='word_1_130' title='bbox 318 1809 378 1852; x_wconf 88' lang='lat' dir='ltr'><strong>uos</strong></span> <span class='ocrx_word' id='word_1_131' title='bbox 393 1791 461 1852; x_wconf 83' lang='lat' dir='ltr'><strong>neti</strong></span> <span class='ocrx_word' id='word_1_132' title='bbox 474 1794 557 1852; x_wconf 88' lang='lat' dir='ltr'><strong>sunt.</strong></span> <span class='ocrx_word' id='word_1_133' title='bbox 600 1786 669 1852; x_wconf 88' lang='lat' dir='ltr'><strong>lem</strong></span> <span class='ocrx_word' id='word_1_134' title='bbox 683 1788 953 1869; x_wconf 84' lang='lat' dir='ltr'><strong>verodelitesoit,</strong></span> <span class='ocrx_word' id='word_1_135' title='bbox 975 1785 1106 1872; x_wconf 83' lang='lat' dir='ltr'><strong>opiner,</strong></span> <span class='ocrx_word' id='word_1_136' title='bbox 1127 1790 1239 1852; x_wconf 89' lang='lat' dir='ltr'><strong>vitium</strong></span> <span class='ocrx_word' id='word_1_137' title='bbox 1262 1790 1297 1854; x_wconf 89' lang='lat' dir='ltr'><strong>iu</strong></span> 
     </span>
     <span class='ocr_line' id='line_1_17' title="bbox 134 1881 1301 1978; baseline 0.003 -26"><span class='ocrx_word' id='word_1_138' title='bbox 134 1891 175 1952; x_wconf 88' lang='lat' dir='ltr'><strong>iis</strong></span> <span class='ocrx_word' id='word_1_139' title='bbox 200 1897 279 1974; x_wconf 82' lang='lat' dir='ltr'><strong>quoe</strong></span> <span class='ocrx_word' id='word_1_140' title='bbox 306 1891 454 1976; x_wconf 88' lang='lat' dir='ltr'><strong>proxime</strong></span> <span class='ocrx_word' id='word_1_141' title='bbox 481 1889 631 1974; x_wconf 86' lang='lat' dir='ltr'><strong>leguntur</strong></span> <span class='ocrx_word' id='word_1_142' title='bbox 650 1889 772 1954; x_wconf 87' lang='lat' dir='ltr'><strong>verbis:</strong></span> <span class='ocrx_word' id='word_1_143' title='bbox 801 1887 948 1977; x_wconf 77' lang='grc' dir='ltr'><em>ιοοφέας</em></span> <span class='ocrx_word' id='word_1_144' title='bbox 974 1896 1011 1953; x_wconf 78' lang='grc' dir='ltr'><strong>οε</strong></span> <span class='ocrx_word' id='word_1_145' title='bbox 1040 1887 1215 1978; x_wconf 76' lang='grc' dir='ltr'><em>παρέδωκε</em></span> <span class='ocrx_word' id='word_1_146' title='bbox 1237 1881 1301 1978; x_wconf 76' lang='grc' dir='ltr'><strong>τὴν</strong></span> 
     </span>
     <span class='ocr_line' id='line_1_18' title="bbox 134 1983 1298 2084; baseline 0.002 -28"><span class='ocrx_word' id='word_1_147' title='bbox 134 1992 196 2078; x_wconf 75' lang='grc' dir='ltr'><strong>γῆν</strong></span> <span class='ocrx_word' id='word_1_148' title='bbox 216 1983 274 2056; x_wconf 78' lang='grc' dir='ltr'><strong>καὶ</strong></span> <span class='ocrx_word' id='word_1_149' title='bbox 292 1987 352 2079; x_wconf 72' lang='grc' dir='ltr'><strong>νῆν</strong></span> <span class='ocrx_word' id='word_1_150' title='bbox 371 1987 560 2057; x_wconf 73' lang='grc' dir='ltr'><em>θάλασσαν.</em></span> <span class='ocrx_word' id='word_1_151' title='bbox 603 1989 798 2058; x_wconf 83' lang='lat' dir='ltr'><strong>Parentesne</strong></span> <span class='ocrx_word' id='word_1_152' title='bbox 812 1989 986 2054; x_wconf 72' lang='lat' dir='ltr'><strong>habeamus</strong></span> <span class='ocrx_word' id='word_1_153' title='bbox 1006 1997 1124 2084; x_wconf 78' lang='lat' dir='ltr'><strong>terrem</strong></span> <span class='ocrx_word' id='word_1_154' title='bbox 1141 1997 1176 2055; x_wconf 88' lang='lat' dir='ltr'><strong>et</strong></span> <span class='ocrx_word' id='word_1_155' title='bbox 1190 1991 1298 2058; x_wconf 68' lang='lat' dir='ltr'><strong>merei</strong></span> 
     </span>
     <span class='ocr_line' id='line_1_19' title="bbox 133 2079 1299 2182; baseline 0.003 -26"><span class='ocrx_word' id='word_1_156' title='bbox 133 2089 267 2156; x_wconf 86' lang='lat' dir='ltr'><strong>Minime</strong></span> <span class='ocrx_word' id='word_1_157' title='bbox 285 2091 373 2156; x_wconf 64' lang='lat' dir='ltr'><strong>vero}</strong></span> <span class='ocrx_word' id='word_1_158' title='bbox 414 2088 565 2156; x_wconf 85' lang='lat' dir='ltr'><strong>Nutrioes</strong></span> <span class='ocrx_word' id='word_1_159' title='bbox 586 2094 713 2180; x_wconf 87' lang='lat' dir='ltr'><strong>quidem</strong></span> <span class='ocrx_word' id='word_1_160' title='bbox 735 2091 862 2177; x_wconf 80' lang='lat' dir='ltr'><strong>largior.</strong></span> <span class='ocrx_word' id='word_1_161' title='bbox 904 2087 975 2156; x_wconf 91' lang='lat' dir='ltr'><strong>Nos</strong></span> <span class='ocrx_word' id='word_1_162' title='bbox 995 2092 1081 2156; x_wconf 89' lang='lat' dir='ltr'><strong>enim</strong></span> <span class='ocrx_word' id='word_1_163' title='bbox 1102 2112 1166 2156; x_wconf 89' lang='lat' dir='ltr'><strong>non</strong></span> <span class='ocrx_word' id='word_1_164' title='bbox 1183 2079 1299 2182; x_wconf 84' lang='lat' dir='ltr'><strong>proge-</strong></span> 
     </span>
     <span class='ocr_line' id='line_1_20' title="bbox 134 2193 1299 2280; baseline 0.002 -22"><span class='ocrx_word' id='word_1_165' title='bbox 134 2200 288 2273; x_wconf 87' lang='lat' dir='ltr'><strong>nuerunt,</strong></span> <span class='ocrx_word' id='word_1_166' title='bbox 315 2193 375 2270; x_wconf 79' lang='lat' dir='ltr'><strong>sed</strong></span> <span class='ocrx_word' id='word_1_167' title='bbox 393 2195 676 2278; x_wconf 78' lang='lat' dir='ltr'><strong>suppeditaverunt</strong></span> <span class='ocrx_word' id='word_1_168' title='bbox 694 2193 804 2274; x_wconf 89' lang='lat' dir='ltr'><strong>uobis,</strong></span> <span class='ocrx_word' id='word_1_169' title='bbox 828 2215 910 2280; x_wconf 84' lang='lat' dir='ltr'><strong>quae</strong></span> <span class='ocrx_word' id='word_1_170' title='bbox 932 2193 1068 2256; x_wconf 80' lang='lat' dir='ltr'><strong>suntad</strong></span> <span class='ocrx_word' id='word_1_171' title='bbox 1091 2195 1212 2258; x_wconf 86' lang='lat' dir='ltr'><strong>victum</strong></span> <span class='ocrx_word' id='word_1_172' title='bbox 1232 2195 1299 2260; x_wconf 91' lang='lat' dir='ltr'><strong>oul-</strong></span> 
     </span>
     <span class='ocr_line' id='line_1_21' title="bbox 134 2293 1305 2380; baseline -0.003 -23"><span class='ocrx_word' id='word_1_173' title='bbox 134 2297 267 2380; x_wconf 80' lang='lat' dir='ltr'><strong>tumque</strong></span> <span class='ocrx_word' id='word_1_174' title='bbox 289 2295 431 2356; x_wconf 84' lang='lat' dir='ltr'><strong>maxime</strong></span> <span class='ocrx_word' id='word_1_175' title='bbox 454 2299 637 2360; x_wconf 81' lang='lat' dir='ltr'><strong>necessario</strong></span> <span class='ocrx_word' id='word_1_176' title='bbox 660 2297 755 2380; x_wconf 89' lang='lat' dir='ltr'><strong>idque</strong></span> <span class='ocrx_word' id='word_1_177' title='bbox 774 2293 977 2359; x_wconf 87' lang='lat' dir='ltr'><strong>confirmetur</strong></span> <span class='ocrx_word' id='word_1_178' title='bbox 998 2295 1160 2376; x_wconf 74' lang='lat' dir='ltr'><strong>proximis</strong></span> <span class='ocrx_word' id='word_1_179' title='bbox 1173 2293 1305 2362; x_wconf 74' lang='lat' dir='ltr'><strong>verbiss.</strong></span> 
     </span>
     <span class='ocr_line' id='line_1_22' title="bbox 133 2385 1300 2484; baseline 0.003 -26"><span class='ocrx_word' id='word_1_180' title='bbox 133 2391 191 2460; x_wconf 76' lang='lat' dir='ltr'><strong>‘ino</strong></span> <span class='ocrx_word' id='word_1_181' title='bbox 211 2389 257 2478; x_wconf 78' lang='grc' dir='ltr'><em>μή</em></span> <span class='ocrx_word' id='word_1_182' title='bbox 280 2389 402 2456; x_wconf 77' lang='grc' dir='ltr'><em>σπάνει</em></span> <span class='ocrx_word' id='word_1_183' title='bbox 422 2392 488 2456; x_wconf 75' lang='grc' dir='ltr'><strong>τῶν</strong></span> <span class='ocrx_word' id='word_1_184' title='bbox 507 2385 697 2478; x_wconf 73' lang='grc' dir='ltr'><em>ἀναγκαίων</em></span> <span class='ocrx_word' id='word_1_185' title='bbox 718 2389 1061 2480; x_wconf 79' lang='grc' dir='ltr'><em>προαποθνήσκοιμιν</em></span> <span class='ocrx_word' id='word_1_186' title='bbox 1078 2393 1141 2484; x_wconf 70' lang='grc' dir='ltr'><strong>σῆς</strong></span> <span class='ocrx_word' id='word_1_187' title='bbox 1157 2397 1300 2482; x_wconf 76' lang='grc' dir='ltr'><strong><em>γηραιοῦ</em></strong></span> 
     </span>
     <span class='ocr_line' id='line_1_23' title="bbox 134 2477 1305 2585; baseline 0.004 -26"><span class='ocrx_word' id='word_1_188' title='bbox 134 2492 297 2579; x_wconf 76' lang='grc' dir='ltr'><em>τελευτῆς.</em></span> <span class='ocrx_word' id='word_1_189' title='bbox 338 2489 525 2576; x_wconf 83' lang='lat' dir='ltr'><strong>Legendum</strong></span> <span class='ocrx_word' id='word_1_190' title='bbox 546 2493 660 2578; x_wconf 85' lang='lat' dir='ltr'><strong>igitur:</strong></span> <span class='ocrx_word' id='word_1_191' title='bbox 692 2477 881 2583; x_wconf 78' lang='grc' dir='ltr'><em>νροφοάς</em></span> <span class='ocrx_word' id='word_1_192' title='bbox 907 2515 943 2558; x_wconf 79' lang='grc' dir='ltr'><strong>τε</strong></span> <span class='ocrx_word' id='word_1_193' title='bbox 961 2490 1137 2582; x_wconf 62' lang='grc' dir='ltr'><em>παρέδωκε</em></span> <span class='ocrx_word' id='word_1_194' title='bbox 1157 2494 1219 2583; x_wconf 62' lang='lat' dir='ltr'><strong>orio</strong></span> <span class='ocrx_word' id='word_1_195' title='bbox 1237 2497 1305 2585; x_wconf 77' lang='grc' dir='ltr'><strong>γῆν</strong></span> 
     </span>
     <span class='ocr_line' id='line_1_24' title="bbox 136 2590 1302 2682; baseline -0.006 -22"><span class='ocrx_word' id='word_1_196' title='bbox 136 2593 195 2661; x_wconf 84' lang='grc' dir='ltr'><strong>καὶ</strong></span> <span class='ocrx_word' id='word_1_197' title='bbox 213 2591 274 2682; x_wconf 82' lang='grc' dir='ltr'><strong>ιὴν</strong></span> <span class='ocrx_word' id='word_1_198' title='bbox 293 2590 482 2659; x_wconf 76' lang='grc' dir='ltr'><em>θάλασσαν.</em></span> <span class='ocrx_word' id='word_1_199' title='bbox 1299 2615 1302 2620; x_wconf 91' lang='lat'><em>·</em></span> 
     </span>
    </p>
   </div>
   <div class='ocr_carea' id='block_1_5' title="bbox 135 2739 1302 2954">
    <p class='ocr_par' dir='ltr' id='par_1_5' title="bbox 135 2739 1302 2954">
     <span class='ocr_line' id='line_1_25' title="bbox 218 2739 1299 2851; baseline 0.005 -22"><span class='ocrx_word' id='word_1_200' title='bbox 218 2739 266 2829; x_wconf 94' lang='grc' dir='ltr'><strong>Γ.Ι</strong></span> <span class='ocrx_word' id='word_1_201' title='bbox 279 2761 309 2828; x_wconf 90' lang='lat' dir='ltr'><strong>d.</strong></span> <span class='ocrx_word' id='word_1_202' title='bbox 327 2765 356 2841; x_wconf 60' lang='grc' dir='ltr'><strong>ᾖ.</strong></span> <span class='ocrx_word' id='word_1_203' title='bbox 378 2763 408 2826; x_wconf 80' lang='grc'><strong>5.</strong></span> <span class='ocrx_word' id='word_1_204' title='bbox 427 2783 459 2846; x_wconf 84' lang='lat' dir='ltr'><strong>p.</strong></span> <span class='ocrx_word' id='word_1_205' title='bbox 476 2765 549 2825; x_wconf 83' lang='grc'><strong>698.</strong></span> <span class='ocrx_word' id='word_1_206' title='bbox 573 2760 633 2847; x_wconf 75' lang='grc' dir='ltr'><strong>τῆς</strong></span> <span class='ocrx_word' id='word_1_207' title='bbox 650 2758 712 2844; x_wconf 78' lang='grc' dir='ltr'><strong>μὲν</strong></span> <span class='ocrx_word' id='word_1_208' title='bbox 733 2750 792 2828; x_wconf 83' lang='grc' dir='ltr'><strong>οὖν</strong></span> <span class='ocrx_word' id='word_1_209' title='bbox 812 2760 941 2851; x_wconf 75' lang='grc' dir='ltr'><em>πληγῆς</em></span> <span class='ocrx_word' id='word_1_210' title='bbox 955 2761 1140 2850; x_wconf 73' lang='grc' dir='ltr'><em>βουλευτὴς</em></span> <span class='ocrx_word' id='word_1_211' title='bbox 1160 2760 1299 2851; x_wconf 75' lang='grc' dir='ltr'><em>ἐγένετο,</em></span> 
     </span>
     <span class='ocr_line' id='line_1_26' title="bbox 135 2855 1302 2954; baseline 0.003 -24"><span class='ocrx_word' id='word_1_212' title='bbox 135 2863 194 2932; x_wconf 81' lang='grc' dir='ltr'><strong>οόν</strong></span> <span class='ocrx_word' id='word_1_213' title='bbox 208 2862 245 2930; x_wconf 83' lang='grc' dir='ltr'><strong>δὲ</strong></span> <span class='ocrx_word' id='word_1_214' title='bbox 257 2856 408 2930; x_wconf 75' lang='grc' dir='ltr'><em>θάνατον</em></span> <span class='ocrx_word' id='word_1_215' title='bbox 420 2859 754 2947; x_wconf 77' lang='grc' dir='ltr'><em>πῶςὲπεβοῧλευσεν,</em></span> <span class='ocrx_word' id='word_1_216' title='bbox 777 2857 821 2930; x_wconf 80' lang='grc' dir='ltr'><strong>ὅν</strong></span> <span class='ocrx_word' id='word_1_217' title='bbox 840 2885 883 2950; x_wconf 80' lang='lat' dir='ltr'><strong>ys</strong></span> <span class='ocrx_word' id='word_1_218' title='bbox 901 2855 1066 2941; x_wconf 81' lang='grc' dir='ltr'><em>άκουσίιυς</em></span> <span class='ocrx_word' id='word_1_219' title='bbox 1085 2860 1302 2954; x_wconf 39' lang='grc' dir='ltr'><em>ἑπάταξινς,</em></span> 
     </span>
    </p>
   </div>
   <div class='ocr_carea' id='block_1_6' title="bbox 32 3021 1305 4033">
    <p class='ocr_par' dir='ltr' id='par_1_6' title="bbox 32 3021 1305 4033">
     <span class='ocr_line' id='line_1_27' title="bbox 196 3021 1299 3117; baseline 0.005 -22"><span class='ocrx_word' id='word_1_220' title='bbox 196 3029 304 3096; x_wconf 51' lang='lat' dir='ltr'><strong>¹(loru</strong></span> <span class='ocrx_word' id='word_1_221' title='bbox 324 3021 518 3096; x_wconf 75' lang='grc' dir='ltr'><em>,πατάσσειν</em></span> <span class='ocrx_word' id='word_1_222' title='bbox 544 3027 695 3096; x_wconf 74' lang='grc' dir='ltr'><em>θάνατον</em></span> <span class='ocrx_word' id='word_1_223' title='bbox 712 3031 785 3094; x_wconf 88' lang='lat' dir='ltr'><strong>dici</strong></span> <span class='ocrx_word' id='word_1_224' title='bbox 813 3038 971 3116; x_wconf 78' lang='lat' dir='ltr'><strong>nequest,</strong></span> <span class='ocrx_word' id='word_1_225' title='bbox 1005 3035 1209 3116; x_wconf 84' lang='lat' dir='ltr'><strong>perspicuum</strong></span> <span class='ocrx_word' id='word_1_226' title='bbox 1237 3042 1299 3117; x_wconf 80' lang='lat' dir='ltr'><strong>esi,</strong></span> 
     </span>
     <span class='ocr_line' id='line_1_28' title="bbox 139 3127 1300 3218; baseline 0.003 -19"><span class='ocrx_word' id='word_1_227' title='bbox 139 3127 178 3199; x_wconf 82' lang='grc' dir='ltr'><strong>ὅν</strong></span> <span class='ocrx_word' id='word_1_228' title='bbox 199 3134 241 3198; x_wconf 87' lang='lat' dir='ltr'><strong>ed</strong></span> <span class='ocrx_word' id='word_1_229' title='bbox 260 3132 423 3197; x_wconf 87' lang='lat' dir='ltr'><strong>hominem</strong></span> <span class='ocrx_word' id='word_1_230' title='bbox 447 3131 576 3212; x_wconf 84' lang='lat' dir='ltr'><strong>referri,</strong></span> <span class='ocrx_word' id='word_1_231' title='bbox 607 3153 701 3218; x_wconf 85' lang='lat' dir='ltr'><strong>quem</strong></span> <span class='ocrx_word' id='word_1_232' title='bbox 729 3136 758 3196; x_wconf 91' lang='lat' dir='ltr'><strong>is</strong></span> <span class='ocrx_word' id='word_1_233' title='bbox 786 3132 920 3212; x_wconf 86' lang='lat' dir='ltr'><strong>occidit,</strong></span> <span class='ocrx_word' id='word_1_234' title='bbox 949 3133 1005 3218; x_wconf 89' lang='lat' dir='ltr'><strong>qui</strong></span> <span class='ocrx_word' id='word_1_235' title='bbox 1029 3133 1215 3199; x_wconf 86' lang='lat' dir='ltr'><strong>defenditur</strong></span> <span class='ocrx_word' id='word_1_236' title='bbox 1237 3134 1300 3202; x_wconf 82' lang='lat' dir='ltr'><strong>hec</strong></span> 
     </span>
     <span class='ocr_line' id='line_1_29' title="bbox 139 3232 1299 3320; baseline 0.002 -22"><span class='ocrx_word' id='word_1_237' title='bbox 139 3238 296 3300; x_wconf 82' lang='lat' dir='ltr'><strong>oratione.</strong></span> <span class='ocrx_word' id='word_1_238' title='bbox 337 3233 404 3298; x_wconf 85' lang='lat' dir='ltr'><strong>Sed</strong></span> <span class='ocrx_word' id='word_1_239' title='bbox 421 3232 510 3300; x_wconf 82' lang='lat' dir='ltr'><strong>nullo</strong></span> <span class='ocrx_word' id='word_1_240' title='bbox 521 3233 617 3298; x_wconf 86' lang='lat' dir='ltr'><strong>estin</strong></span> <span class='ocrx_word' id='word_1_241' title='bbox 637 3235 677 3300; x_wconf 87' lang='lat' dir='ltr'><strong>iis</strong></span> <span class='ocrx_word' id='word_1_242' title='bbox 694 3255 776 3320; x_wconf 84' lang='lat' dir='ltr'><strong>quae</strong></span> <span class='ocrx_word' id='word_1_243' title='bbox 794 3234 987 3316; x_wconf 82' lang='lat' dir='ltr'><strong>antecedunt</strong></span> <span class='ocrx_word' id='word_1_244' title='bbox 1004 3254 1160 3320; x_wconf 79' lang='lat' dir='ltr'><strong>personae</strong></span> <span class='ocrx_word' id='word_1_245' title='bbox 1177 3235 1299 3320; x_wconf 81' lang='lat' dir='ltr'><strong>signifi-</strong></span> 
     </span>
     <span class='ocr_line' id='line_1_30' title="bbox 140 3324 1298 3423; baseline 0.002 -24"><span class='ocrx_word' id='word_1_246' title='bbox 140 3339 242 3418; x_wconf 78' lang='lat' dir='ltr'><strong>catio,</strong></span> <span class='ocrx_word' id='word_1_247' title='bbox 262 3345 358 3423; x_wconf 87' lang='lat' dir='ltr'><strong>utque</strong></span> <span class='ocrx_word' id='word_1_248' title='bbox 373 3333 616 3421; x_wconf 85' lang='lat' dir='ltr'><strong>quod&#39;Reiskius</strong></span> <span class='ocrx_word' id='word_1_249' title='bbox 629 3330 735 3420; x_wconf 81' lang='grc' dir='ltr'><strong><em>τούτῳ</em></strong></span> <span class='ocrx_word' id='word_1_250' title='bbox 754 3332 808 3397; x_wconf 86' lang='lat' dir='ltr'><strong>vel</strong></span> <span class='ocrx_word' id='word_1_251' title='bbox 823 3324 913 3420; x_wconf 75' lang='grc' dir='ltr'><em>αὐτῷ</em></span> <span class='ocrx_word' id='word_1_252' title='bbox 934 3335 1130 3422; x_wconf 79' lang='lat' dir='ltr'><strong>cogitatione</strong></span> <span class='ocrx_word' id='word_1_253' title='bbox 1149 3336 1298 3422; x_wconf 89' lang='lat' dir='ltr'><strong>supplen-</strong></span> 
     </span>
     <span class='ocr_line' id='line_1_31' title="bbox 141 3421 1299 3521; baseline 0.003 -21"><span class='ocrx_word' id='word_1_254' title='bbox 141 3435 215 3500; x_wconf 91' lang='lat' dir='ltr'><strong>dum</strong></span> <span class='ocrx_word' id='word_1_255' title='bbox 229 3459 300 3502; x_wconf 86' lang='lat' dir='ltr'><strong>esse</strong></span> <span class='ocrx_word' id='word_1_256' title='bbox 314 3434 481 3516; x_wconf 82' lang='lat' dir='ltr'><strong>iodice&#39;vit&#39;,</strong></span> <span class='ocrx_word' id='word_1_257' title='bbox 504 3433 611 3499; x_wconf 89' lang='lat' dir='ltr'><strong>durius</strong></span> <span class='ocrx_word' id='word_1_258' title='bbox 634 3442 684 3498; x_wconf 84' lang='lat' dir='ltr'><strong>est</strong></span> <span class='ocrx_word' id='word_1_259' title='bbox 702 3421 797 3521; x_wconf 85' lang='lat' dir='ltr'><strong>quum</strong></span> <span class='ocrx_word' id='word_1_260' title='bbox 814 3435 899 3520; x_wconf 81' lang='lat' dir='ltr'><strong>quo&#39;d</strong></span> <span class='ocrx_word' id='word_1_261' title='bbox 917 3435 1047 3519; x_wconf 76' lang='lat' dir='ltr'><strong>probari</strong></span> <span class='ocrx_word' id='word_1_262' title='bbox 1060 3437 1174 3521; x_wconf 86' lang='lat' dir='ltr'><strong>possit.</strong></span> <span class='ocrx_word' id='word_1_263' title='bbox 1208 3435 1299 3504; x_wconf 90' lang='lat' dir='ltr'><strong>Nihil</strong></span> 
     </span>
     <span class='ocr_line' id='line_1_32' title="bbox 138 3533 1305 3626; baseline 0.003 -23"><span class='ocrx_word' id='word_1_264' title='bbox 138 3533 237 3623; x_wconf 74' lang='lat' dir='ltr'><strong>igitur</strong></span> <span class='ocrx_word' id='word_1_265' title='bbox 260 3539 416 3626; x_wconf 80' lang='lat' dir='ltr'><strong>reliquum</strong></span> <span class='ocrx_word' id='word_1_266' title='bbox 443 3545 493 3602; x_wconf 86' lang='lat' dir='ltr'><strong>est</strong></span> <span class='ocrx_word' id='word_1_267' title='bbox 522 3547 617 3623; x_wconf 86' lang='lat' dir='ltr'><strong>quem</strong></span> <span class='ocrx_word' id='word_1_268' title='bbox 634 3543 672 3599; x_wconf 93' lang='lat' dir='ltr'><strong>ut</strong></span> <span class='ocrx_word' id='word_1_269' title='bbox 702 3543 758 3601; x_wconf 85' lang='lat' dir='ltr'><strong>aut</strong></span> <span class='ocrx_word' id='word_1_270' title='bbox 783 3535 974 3600; x_wconf 83' lang='lat' dir='ltr'><strong>scribamus:</strong></span> <span class='ocrx_word' id='word_1_271' title='bbox 1005 3534 1064 3602; x_wconf 82' lang='grc' dir='ltr'><strong>τόν</strong></span> <span class='ocrx_word' id='word_1_272' title='bbox 1085 3535 1123 3604; x_wconf 77' lang='grc' dir='ltr'><strong>δὲ</strong></span> <span class='ocrx_word' id='word_1_273' title='bbox 1144 3533 1305 3606; x_wconf 67' lang='grc' dir='ltr'><strong>θάνατονΙ</strong></span> 
     </span>
     <span class='ocr_line' id='line_1_33' title="bbox 141 3623 1305 3730; baseline 0.003 -26"><span class='ocrx_word' id='word_1_274' title='bbox 141 3640 216 3715; x_wconf 79' lang='grc' dir='ltr'><strong>πῶς</strong></span> <span class='ocrx_word' id='word_1_275' title='bbox 237 3633 474 3720; x_wconf 74' lang='grc' dir='ltr'><strong>ἐπεβούλευσεν</strong></span> <span class='ocrx_word' id='word_1_276' title='bbox 494 3623 576 3723; x_wconf 82' lang='lat' dir='ltr'><strong>(eut</strong></span> <span class='ocrx_word' id='word_1_277' title='bbox 593 3634 787 3721; x_wconf 75' lang='grc' dir='ltr'><em>ἐβούλευσεν</em></span> <span class='ocrx_word' id='word_1_278' title='bbox 809 3635 1178 3730; x_wconf 68' lang='grc' dir='ltr'><em>ιυοιιοάυιοᾙοὶυἰιίυιο)</em></span> <span class='ocrx_word' id='word_1_279' title='bbox 1209 3627 1238 3727; x_wconf 79' lang='grc' dir='ltr'><em>ᾦ</em></span> <span class='ocrx_word' id='word_1_280' title='bbox 1254 3656 1305 3728; x_wconf 70' lang='lat' dir='ltr'><strong>ye&#39;</strong></span> 
     </span>
     <span class='ocr_line' id='line_1_34' title="bbox 140 3733 1302 3826; baseline 0.001 -21"><span class='ocrx_word' id='word_1_281' title='bbox 140 3733 307 3816; x_wconf 74' lang='grc' dir='ltr'><strong>ἀκουσίως</strong></span> <span class='ocrx_word' id='word_1_282' title='bbox 326 3736 506 3819; x_wconf 74' lang='grc' dir='ltr'><em>ἔπάιαξενι</em></span> <span class='ocrx_word' id='word_1_283' title='bbox 528 3739 583 3826; x_wconf 87' lang='lat' dir='ltr'><strong>qui</strong></span> <span class='ocrx_word' id='word_1_284' title='bbox 603 3735 675 3802; x_wconf 87' lang='lat' dir='ltr'><strong>fieri</strong></span> <span class='ocrx_word' id='word_1_285' title='bbox 691 3741 814 3823; x_wconf 89' lang='lat' dir='ltr'><strong>potuit,</strong></span> <span class='ocrx_word' id='word_1_286' title='bbox 835 3746 872 3802; x_wconf 85' lang='lat' dir='ltr'><strong>ut</strong></span> <span class='ocrx_word' id='word_1_287' title='bbox 891 3739 1023 3804; x_wconf 86' lang='lat' dir='ltr'><strong>caedem</strong></span> <span class='ocrx_word' id='word_1_288' title='bbox 1041 3739 1080 3803; x_wconf 89' lang='lat' dir='ltr'><strong>de</strong></span> <span class='ocrx_word' id='word_1_289' title='bbox 1096 3737 1253 3805; x_wconf 81' lang='lat' dir='ltr'><strong>industrie</strong></span> <span class='ocrx_word' id='word_1_290' title='bbox 1266 3747 1302 3806; x_wconf 84' lang='lat' dir='ltr'><strong>et</strong></span> 
     </span>
     <span class='ocr_line' id='line_1_35' title="bbox 141 3835 1298 3930; baseline 0.003 -24"><span class='ocrx_word' id='word_1_291' title='bbox 141 3861 214 3906; x_wconf 90' lang='lat' dir='ltr'><strong>cum</strong></span> <span class='ocrx_word' id='word_1_292' title='bbox 237 3835 313 3903; x_wconf 87' lang='lat' dir='ltr'><strong>doio</strong></span> <span class='ocrx_word' id='word_1_293' title='bbox 334 3840 391 3904; x_wconf 85' lang='lat' dir='ltr'><strong>isti</strong></span> <span class='ocrx_word' id='word_1_294' title='bbox 411 3847 556 3928; x_wconf 83' lang='lat' dir='ltr'><strong>peroret,</strong></span> <span class='ocrx_word' id='word_1_295' title='bbox 577 3861 672 3928; x_wconf 87' lang='lat' dir='ltr'><strong>quem</strong></span> <span class='ocrx_word' id='word_1_296' title='bbox 691 3839 873 3907; x_wconf 87' lang='lat' dir='ltr'><strong>inconsulto</strong></span> <span class='ocrx_word' id='word_1_297' title='bbox 897 3841 1030 3906; x_wconf 80' lang='lat' dir='ltr'><strong>cecidit:</strong></span> <span class='ocrx_word' id='word_1_298' title='bbox 1053 3849 1109 3906; x_wconf 86' lang='lat' dir='ltr'><strong>eut</strong></span> <span class='ocrx_word' id='word_1_299' title='bbox 1128 3836 1174 3908; x_wconf 83' lang='grc' dir='ltr'><strong>δν</strong></span> <span class='ocrx_word' id='word_1_300' title='bbox 1193 3863 1237 3930; x_wconf 80' lang='grc' dir='ltr'><strong>γε</strong></span> <span class='ocrx_word' id='word_1_301' title='bbox 1258 3882 1298 3893; x_wconf 95' lang='grc'><strong>-</strong></span> 
     </span>
     <span class='ocr_line' id='line_1_36' title="bbox 32 3935 336 4033; baseline -0.01 -23"><span class='ocrx_word' id='word_1_302' title='bbox 32 3938 40 3948; x_wconf 76' lang='grc'><em>’</em></span> <span class='ocrx_word' id='word_1_303' title='bbox 140 3935 336 4033; x_wconf 66' lang='grc' dir='ltr'><strong>Ιἔπραξεν.</strong></span> 
     </span>
    </p>
   </div>
   <div class='ocr_carea' id='block_1_7' title="bbox 141 4087 1388 4404">
    <p class='ocr_par' dir='ltr' id='par_1_7' title="bbox 141 4087 1388 4404">
     <span class='ocr_line' id='line_1_37' title="bbox 225 4087 1388 4201; baseline 0.005 -27"><span class='ocrx_word' id='word_1_304' title='bbox 225 4109 377 4200; x_wconf 79' lang='lat' dir='ltr'><strong>Eiusdem</strong></span> <span class='ocrx_word' id='word_1_305' title='bbox 394 4113 475 4176; x_wconf 70' lang='lat' dir='ltr'><strong>crni-</strong></span> <span class='ocrx_word' id='word_1_306' title='bbox 490 4113 519 4188; x_wconf 68' lang='lat'><strong>§-</strong></span> <span class='ocrx_word' id='word_1_307' title='bbox 533 4115 564 4176; x_wconf 84' lang='lat'><strong>8.</strong></span> <span class='ocrx_word' id='word_1_308' title='bbox 577 4131 608 4196; x_wconf 91' lang='lat' dir='ltr'><strong>p.</strong></span> <span class='ocrx_word' id='word_1_309' title='bbox 621 4087 693 4176; x_wconf 78' lang='lat'><strong>700.</strong></span> <span class='ocrx_word' id='word_1_310' title='bbox 707 4103 780 4180; x_wconf 69' lang='grc' dir='ltr'><em>ἔστι</em></span> <span class='ocrx_word' id='word_1_311' title='bbox 794 4109 833 4178; x_wconf 76' lang='grc' dir='ltr'><strong>δὲ</strong></span> <span class='ocrx_word' id='word_1_312' title='bbox 847 4107 906 4178; x_wconf 81' lang='grc' dir='ltr'><strong>καὶ</strong></span> <span class='ocrx_word' id='word_1_313' title='bbox 922 4108 944 4198; x_wconf 83' lang='grc' dir='ltr'><em>ἤ</em></span> <span class='ocrx_word' id='word_1_314' title='bbox 959 4109 1039 4200; x_wconf 81' lang='grc' dir='ltr'><em>ιύχη</em></span> <span class='ocrx_word' id='word_1_315' title='bbox 1054 4112 1114 4179; x_wconf 76' lang='grc' dir='ltr'><strong>τοῦ</strong></span> <span class='ocrx_word' id='word_1_316' title='bbox 1135 4101 1297 4201; x_wconf 74' lang='grc' dir='ltr'><em>άρξανιος</em></span> <span class='ocrx_word' id='word_1_317' title='bbox 1386 4135 1388 4143; x_wconf 59' lang='lat'><strong><em>⁴</em></strong></span> 
     </span>
     <span class='ocr_line' id='line_1_38' title="bbox 141 4202 1302 4302; baseline 0.002 -26"><span class='ocrx_word' id='word_1_318' title='bbox 141 4206 199 4276; x_wconf 76' lang='grc' dir='ltr'><strong>καὶ</strong></span> <span class='ocrx_word' id='word_1_319' title='bbox 219 4203 259 4278; x_wconf 80' lang='grc' dir='ltr'><strong>οὗ</strong></span> <span class='ocrx_word' id='word_1_320' title='bbox 280 4213 340 4278; x_wconf 74' lang='grc' dir='ltr'><strong>τοῦ</strong></span> <span class='ocrx_word' id='word_1_321' title='bbox 361 4202 578 4295; x_wconf 68' lang='grc' dir='ltr'><em>ἀμυνομένου.</em></span> <span class='ocrx_word' id='word_1_322' title='bbox 599 4206 618 4278; x_wconf 83' lang='grc' dir='ltr'><em>ά</em></span> <span class='ocrx_word' id='word_1_323' title='bbox 638 4210 700 4296; x_wconf 78' lang='grc' dir='ltr'><strong>μὲν</strong></span> <span class='ocrx_word' id='word_1_324' title='bbox 715 4210 779 4302; x_wconf 76' lang='grc' dir='ltr'><strong>γάρ</strong></span> <span class='ocrx_word' id='word_1_325' title='bbox 793 4203 1083 4290; x_wconf 82' lang='grc' dir='ltr'><em>άκουσίωςπάνια</em></span> <span class='ocrx_word' id='word_1_326' title='bbox 1097 4209 1231 4302; x_wconf 79' lang='grc' dir='ltr'><em>δράσας·</em></span> <span class='ocrx_word' id='word_1_327' title='bbox 1243 4209 1302 4278; x_wconf 78' lang='grc' dir='ltr'><strong>καὶ</strong></span> 
     </span>
     <span class='ocr_line' id='line_1_39' title="bbox 143 4303 1300 4404; baseline 0.012 -26"><span class='ocrx_word' id='word_1_328' title='bbox 143 4307 267 4378; x_wconf 69' lang='lat' dir='ltr'><strong>cedde</strong></span> <span class='ocrx_word' id='word_1_329' title='bbox 286 4303 455 4403; x_wconf 70' lang='grc' dir='ltr'><strong><em>ἀλλοτρίᾳ·</em></strong></span> <span class='ocrx_word' id='word_1_330' title='bbox 468 4305 548 4404; x_wconf 73' lang='grc' dir='ltr'><strong>τύχῃ</strong></span> <span class='ocrx_word' id='word_1_331' title='bbox 565 4310 735 4404; x_wconf 65' lang='grc' dir='ltr'><strong>κέχρησαι,</strong></span> <span class='ocrx_word' id='word_1_332' title='bbox 757 4310 833 4386; x_wconf 72' lang='lat' dir='ltr'><strong>ddi</strong></span> <span class='ocrx_word' id='word_1_333' title='bbox 851 4306 1138 4402; x_wconf 51' lang='lat' dir='ltr'><strong>&amp;commendem</strong></span> <span class='ocrx_word' id='word_1_334' title='bbox 1158 4310 1300 4403; x_wconf 69' lang='grc' dir='ltr'><strong>πράξας»</strong></span> 
     </span>
    </p>
   </div>
   <div class='ocr_carea' id='block_1_8' title="bbox 0 0 1524 4992">
    <p class='ocr_par' dir='ltr' id='par_1_8' title="bbox 0 0 1524 4992">
     <span class='ocr_line' id='line_1_40' title="bbox 0 0 1524 4992; baseline 0 0"><span class='ocrx_word' id='word_1_335' title='bbox 0 0 1524 4992; x_wconf 95' lang='lat' dir='ltr'><strong> </strong></span> 
     </span>
    </p>
   </div>
  </div>
 </body>
</html>
