3026 4992
578 226 751 308 ...ρρ
810 273 868 286 ..

90 431 93 438 ’
142 413 191 476 nti
206 431 251 476 ex
261 408 476 493 inscriptione
493 405 588 470 lanios
602 407 757 470 orationis
774 405 915 490 ipsisque
935 403 1107 489 fragmenti
1120 401 1228 470 verbis
1249 399 1305 471 ὅτι
1353 393 1367 416 Χ

22 496 24 501 ’
142 507 307 600 Κινησίας
325 503 414 574 ἐστὶν
430 501 457 574 o‘.
470 509 542 585 τοῖς
562 504 678 590 νόμοις
698 500 830 593 βοηθός
849 507 1032 588 conspicere
1045 504 1141 583 licet,
1162 510 1306 592 quamvis

142 616 213 698 ipse
232 609 499 676 sceleratissimus
513 614 600 672 esset
612 606 808 691 haberetque
823 626 895 670 eum
909 603 1089 688 hominibus
1103 609 1305 693 nequissimis

142 713 387 778 comissationes
405 714 440 774 et
459 711 621 790 mysteria.
664 707 756 785 Quae
771 728 844 770 cnm
861 707 917 769 isti
934 702 1133 772 celebrarent
1145 729 1204 792 pro
1226 731 1303 778 νοο-

141 814 341 900 μρνιαοταῖς
361 831 477 875 nemen
503 807 566 873 sibi
588 808 895 893 κακοδαιμονιοτιῦν
920 807 1112 894 indiderunt
1154 807 1221 873 Sed
1242 808 1305 876 hoc

143 916 323 976 ominosum
344 931 461 976 nomen
483 931 558 974 vere
581 909 717 972 inditum
740 929 812 972 esse
837 914 953 993 postea
973 913 1101 991 praeter
1122 911 1304 993 opinionem

141 1017 275 1078 istorum
295 1036 331 1077 re
357 1011 527 1099 probatum
550 1018 631 1074 est·
652 1008 777 1076 Horum
799 1011 885 1074 enim
899 1010 1032 1095 quisque
1047 1010 1304 1077 miserrimumin

141 1115 272 1178 modum
294 1115 404 1200 periit,
425 1115 489 1176 nisi
507 1112 590 1198 qnod
606 1109 753 1176 Cinesias
777 1117 982 1175 conservatus
999 1113 1033 1173 in
1048 1131 1160 1174 omnes
1173 1109 1304 1177 morbos

141 1213 290 1300 malaque
305 1215 436 1294 incidit,
457 1218 504 1278 ite
517 1222 553 1278 ut
567 1220 703 1277 mortem
721 1214 832 1299 quovis
847 1213 899 1276 die
914 1211 1003 1276 obire
1018 1233 1112 1298 qnam
1124 1215 1224 1277 vitam
1237 1219 1304 1278 tur-

139 1319 307 1402 pissimam
322 1316 450 1380 trahere
468 1315 591 1380 mallet.
628 1311 746 1378 ¹Verba
764 1320 885 1394 autem,
907 1312 1022 1400 quibus
1036 1313 1177 1378 nondum
1194 1313 1303 1379 mede-

141 1418 206 1482 lam
218 1415 395 1482 adhibitam
407 1439 479 1482 esse
491 1407 656 1504 praedixi,
677 1413 758 1478 haec
772 1423 861 1479 sunt:
882 1405 956 1480 ἀντὶ
975 1415 1222 1502 νουμηνιαστῶν
1240 1436 1303 1481 κοι-

140 1515 527 1608 κοδαιμονιστόςοφιοιν
542 1509 656 1593 αὐτοῖς
669 1505 816 1599 τοόνομα
826 1513 983 1600 θέμενοι,
1005 1511 1139 1603 πρέπον
1152 1513 1214 1599 μὲν
1229 1519 1304 1594 ταῖς

141 1612 250 1686 αὐτῶν
269 1616 397 1700 τύχαις·
430 1612 476 1684 οὗ
503 1615 582 1705 μὴν
612 1609 672 1692 ὥς,
691 1617 812 1682 τοῦτο
842 1609 1212 1703 διαπραττόμενοι
1231 1613 1302 1703 τὴν

142 1717 338 1787 διάνοιαν
349 1714 495 1801 ἔσχον,
515 1709 594 1784 ἀλλ’
609 1709 656 1793 eir
676 1716 917 1803 καταγελῶντος
930 1718 996 1781 τῶν
1010 1717 1102 1784 θεῶν
1115 1713 1173 1781 καὶ
1191 1713 1304 1802 νόμιον

141 1822 207 1886 τῶν
227 1815 405 1910 ἡμετέρων.
446 1818 570 1885 Horum
592 1843 673 1906 quae
692 1823 725 1885 in
744 1819 851 1884 medio
872 1821 980 1903 posita
998 1825 1090 1898 sunt,
1109 1809 1149 1884 οὐ
1169 1817 1236 1904 μὴν
1255 1813 1302 1897 ὡς

139 1923 239 1987 τοῦτο
253 1917 537 2009 διαπραττόμενοι
549 1918 610 2008 τὴν
622 1916 774 1988 διάνοιαν
788 1914 892 2002 ἔσχον,
906 1941 1009 2004 neque
1022 1922 1051 1984 si
1062 1921 1301 2004 grammaticam

141 2025 298 2087 rationem
314 2030 496 2110 spectamus
517 2021 661 2107 legitime
677 2025 787 2087 iuncta
798 2027 899 2103 sum,
920 2043 1023 2108 neque
1039 2020 1121 2086 hanc
1138 2024 1242 2106 ipsam
1257 2021 1300 2086 ob

141 2145 286 2188 earrssam
300 2125 498 2190 commodam
517 2124 655 2189 fundunt
673 2123 876 2189 sententiam.
917 2121 990 2188 Hoc
1005 2125 1128 2188 enimsi
1142 2122 1300 2188 voluisset

140 2209 262 2288 orator:
285 2234 469 2290 nectamen
488 2223 655 2289 consilium
678 2223 858 2305 habebant,
879 2227 902 2288 i.
915 2247 945 2292 e.
960 2228 1158 2310 propositum
1172 2227 1213 2289 iis
1226 2226 1305 2308 fnit,

140 2332 178 2388 ut
190 2324 252 2386 hoc
269 2325 403 2406 (nomen
415 2325 512 2408 puta)
538 2323 718 2405 efficerent,
738 2325 771 2388 h.
786 2348 816 2389 e.
837 2328 974 2388 nominis
994 2324 1301 2406 κακοδοιμονιοτῶν

140 2443 272 2504 sensum
295 2423 412 2486 effectu
429 2429 545 2506 postea
562 2423 752 2509 probarent,
780 2424 894 2487 sedet
918 2425 996 2486 deos
1017 2424 1197 2490 irriderent:
1226 2424 1299 2509 hoc,

139 2527 285 2611 inquam,
314 2525 343 2587 si
364 2523 536 2605 voluisset,
564 2531 711 2604 essetne,
732 2545 872 2609 quaeso,
901 2526 981 2588 mira
1000 2527 1065 2589 ista
1084 2525 1223 2590 dictione
1242 2525 1302 2615 τὴν
1382 2569 1383 2574 1

140 2622 294 2692 διάνοιαν
305 2617 401 2705 ἔσχον
413 2623 508 2688 usust
523 2623 650 2708 Deinde
664 2645 769 2690 nonne
781 2625 921 2691 futurum
933 2627 1041 2712 potius
1054 2621 1101 2704 ὥς
1114 2628 1212 2693 τοῦτο
1225 2628 1302 2694 dte·

139 2721 346 2815 πραξόμενοι
359 2727 573 2811 ιιεοτροοόοιο
584 2725 720 2790 firisset‘l
740 2725 888 2814 Denique
902 2741 967 2791 non
980 2729 1083 2812 ipsum
1098 2730 1301 2814 participium

139 2825 424 2916 διαπραττόμενοι
436 2849 506 2892 eum
520 2826 627 2892 verbis
641 2823 701 2913 cria
715 2826 867 2894 διάνοιαν
876 2823 972 2910 ἔσχον
986 2823 1187 2894 coniunctum
1201 2832 1303 2897 oflen-

138 2932 223 2994 sioni
238 2950 310 2994 esse
326 2927 485 2993 debebatt
507 2927 594 2994 Hinc
607 2927 706 2992 verba
719 2937 868 3015 corrupta
882 2951 954 2994 esse
975 2929 1131 2995 elucebitt
1153 2933 1212 2998 sed
1232 2954 1301 2998 cor-

138 3028 266 3115 ruptela
284 3050 349 3094 non
365 3031 454 3094 adeo
473 3032 579 3115 gravis
602 3037 671 3110 est,
692 3031 787 3094 modo
802 3038 915 3095 teneas
929 3031 1010 3099 hanc
1024 3031 1213 3098 delitescere
1229 3056 1302 3098 sen·

138 3135 288 3196 tentiam:
318 3133 374 3195 isti
392 3132 576 3196 indiderunt
596 3129 660 3196 sibi
687 3153 804 3195 nomen
830 3130 1151 3214 κακοδοιμονιστιῦν,
1179 3137 1300 3218 optime

139 3231 220 3299 illud
233 3232 363 3320 quidem
377 3235 418 3296 iis
432 3232 545 3319 quibus
556 3240 670 3320 postea
682 3234 799 3296 tentati
814 3240 889 3296 sunt
902 3231 1082 3314 infortuniis
1093 3237 1299 3301 conveniens:

139 3355 198 3400 aec
219 3343 324 3400 temere
342 3333 402 3398 Ιιοο
421 3355 533 3400 acmen
555 3342 762 3418 acceperant,
782 3340 822 3396 ret
837 3333 937 3415 tales,
957 3339 1012 3418 μιν·
1026 3355 1147 3399 aearum
1161 3340 1230 3400 einr
1242 3357 1302 3402 οτ-

134 3437 268 3520 plerent
289 3456 460 3522 nomenque
482 3437 571 3501 ailad
588 3458 622 3501 re
645 3433 708 3498 ride·
723 3441 799 3498 c'cre
814 3440 996 3519 imponerere
1018 3434 1218 3518 miterentar,
1242 3441 1303 3505 red

141 3541 196 3620 ραι·
208 3543 332 3602 noenia·
342 3539 417 3602 deos
430 3538 611 3602 illuderent.
634 3535 719 3610 Quid
733 3535 844 3616 multa,
860 3535 1031 3621 legendam
1048 3543 1099 3600 est
1114 3558 1177 3602 una
1190 3537 1300 3607 littera

140 3637 282 3702 adiecta:
304 3630 343 3704 οὗ
355 3635 421 3725 μὴν
434 3632 480 3716 ὥς
498 3637 642 3704 τούτου
663 3632 945 3724 διαπραττόμενοι
954 3631 1014 3722 τήν
1027 3633 1179 3706 διάνοιαν
1193 3634 1299 3723 ἔτχονι

138 3727 219 3804 ἀλλ’
239 3729 287 3814 ὥς
318 3738 570 3825 καταγελῶντεςΙ
589 3739 655 3803 ταῖν
682 3739 774 3802 θεῶν
802 3733 861 3802 καὶ
889 3734 1000 3819 νόμιον
1027 3739 1094 3805 τῶν
1120 3733 1301 3829 ἡμετέρωνς-

141 3836 233 3914 Quac
248 3833 345 3901 verba
359 3841 490 3905 'rtasont
506 3838 697 3918 ordinanda,
717 3844 754 3927 rrt
768 3839 814 3902 sic
827 3836 1036 3903 cohaereant:
1059 3831 1100 3906 ori
1117 3836 1183 3927 priv
1203 3835 1299 3924 όοχον

140 3938 317 4027 (intellige,
334 3941 431 4006 τοῦτο
448 3938 498 4008 ,τό
521 3932 650 4024 όνομα)
682 3933 728 4016 ὦς
758 3935 1042 4028 διαπραττόμενοι
1067 3937 1127 4026 τὴν
1147 3936 1300 4009 διάνοιαν

138 4036 259 4111 τούτου
281 4038 445 4126 (intellige
465 4031 526 4108 cori
545 4035 741 4126 ὀνόματος).

222 4140 378 4208 Venimus
389 4144 434 4206 ¹ad
446 4143 624 4226 fragmenta
643 4144 796 4207 orationis
816 4139 896 4232 περὶ
911 4143 970 4228 τῆς
984 4133 1193 4232 Ἰφικράτους
1211 4139 1317 4228 εἶιιό-Ι

139 4267 195 4322 νος
217 4247 249 4310 in
282 4244 471 4310 collectione
495 4240 687 4324 Tayloriana
711 4244 749 4308 fr.
771 4249 830 4324 (54,
856 4247 890 4308 in
912 4241 1165 4309 Hoelscheriana
1187 4241 1224 4309 fr.
1250 4249 1299 4307 ra.
1353 4312 1355 4321 ,

62 4389 73 4398 -
139 4341 225 4432 epte
236 4337 413 4438 Ἀρμάόιρν
428 4340 581 4436 περὶτῆς
597 4339 723 4432 εἰκόνος
737 4347 920 4432 inscriptae,
935 4367 979 4412 ex
994 4345 1108 4434 quibus
1123 4343 1203 4410 illud
1216 4365 1298 4438 'non-
