3044 4986
658 241 717 254 -·
774 195 949 280 tat-2

218 381 366 466 Denique
378 375 451 462 pius
467 376 563 440 etium
577 376 611 438 in
625 371 805 438 nominibus
821 370 985 442 hominum
996 373 1139 458 propriis
1156 370 1332 438 Aeschines
1348 384 1384 437 ct

221 485 348 546 omnino
366 480 534 562 scriptores
547 487 670 538 veteres
682 473 745 538 sibi
759 472 982 553 indulserunt,¹
994 475 1040 537 ita
1054 487 1088 538 ut
1102 478 1199 538 edam
1210 476 1244 538 in
1259 471 1319 536 hac
1333 495 1382 552 re,

221 587 398 672 quicunque
411 575 662 641 emendationem
678 577 839 661 scriptoris
856 577 1048 658 susceperit,
1070 575 1146 640 durn
1161 598 1201 639 ne
1218 597 1279 660 qua
1295 587 1383 638 certa

221 699 254 750 et
272 680 440 768 explorata
464 690 517 740 aut
538 676 596 740 lex
619 675 748 760 linguae
765 697 899 760 graecae
924 687 979 738 aut
1002 677 1165 760 scriptoris
1187 676 1382 739 consuetudo

222 784 342 862 obstet,
364 781 507 844 codicurn
533 782 719 843 auctoritate
744 774 940 861 obstringere
969 798 1005 841 se
1033 789 1065 839 et
1091 776 1233 862 obligare
1255 776 1382 842 debeat.

223 884 347 965 Quare
367 881 524 944 Redderes
547 877 632 941 haud
651 877 747 942 facile
770 881 886 942 iustam
906 879 1071 942 evitaverit
1092 877 1382 962 reprehensionem,

222 989 275 1074 qui
303 981 401 1048 multa
427 1003 485 1066 pro
515 978 668 1044 arbitratu
695 1001 754 1044 suo
782 981 923 1044 mutavit.
965 978 1019 1043 Sic
1044 977 1100 1044 illa
1120 981 1170 1042 ΠΙ.
1199 982 1249 1043 67.
1273 992 1304 1044 οι
1330 985 1390 1052 68.
1489 1064 1494 1073 Ι

109 1093 111 1108 “
220 1098 350 1174 propter
381 1085 447 1148 ολί
475 1079 509 1149 οὶ
541 1077 716 1148 Φιλίππου
746 1080 904 1170 πρέσβεις
931 1102 989 1166 pro
1011 1077 1139 1164 vulgato
1162 1075 1196 1148 oi
1219 1083 1295 1146 τοῦ
1320 1085 1386 1146 (bre

220 1185 360 1255 λίππουΙ
381 1181 538 1271 πρέσβεις
574 1195 605 1246 οι
630 1185 667 1248 11.
696 1189 748 1248 61.
777 1195 906 1267 propter
935 1183 977 1246 δι’
983 1183 1047 1267 qu
1074 1178 1112 1248 τὸ
1143 1181 1386 1269 Δημοσθένους
1481 1203 1484 1210 ·

220 1287 384 1380 ψήφισμα
404 1305 461 1368 pro
483 1279 521 1352 τδ
542 1285 615 1350 τοῦ
632 1286 674 1350 Δ.
695 1295 736 1371 ψ.
759 1285 874 1359 edidit,
896 1286 978 1347 atil.
995 1288 1045 1348 85.
1069 1277 1103 1350 οἱ
1123 1285 1183 1348 τοῦ
1200 1279 1389 1360 ,Φιλίππου

221 1387 379 1478 πρέσβεις
398 1387 478 1470 (τοῦ
498 1407 561 1449 om.
582 1385 642 1467 a),
675 1385 759 1470 quod
780 1406 845 1448 non
864 1387 967 1449 minus
985 1397 1070 1448 recte
1089 1384 1203 1448 dicitur
1215 1405 1310 1470 quarn
1325 1380 1387 1470 τὴν

98 1535 105 1549 .
220 1490 280 1556 τοῦ
311 1485 552 1572 Δημοσθένους
586 1481 794 1574 δωροδοκίαν
819 1488 869 1548 111.
895 1491 974 1566 214,
1007 1483 1065 1552 τὸν
1092 1488 1152 1552 τοῦ
1184 1482 1388 1573 Πατρόκλου.

148 1627 149 1632 1
221 1582 371 1672 θάνατον
389 1588 413 1649 1.
431 1592 499 1650 143.
522 1593 593 1652 145.
615 1592 687 1650 150.
704 1599 794 1666 cett,
815 1590 959 1662 retinuit3
986 1587 1072 1655 idern
1084 1590 1134 1652 ill.
1154 1590 1222 1650 105.
1244 1607 1387 1672 κατηγο·
1418 1651 1422 1656 ,
1506 1633 1507 1636 ,

221 1685 280 1778 ρία
302 1687 361 1752 τοῦ
376 1689 615 1777 Κτησιφῶντος
629 1690 737 1751 invitis
751 1686 914 1754 codicibus
934 1707 1076 1773 ugmnp
1099 1687 1265 1755 articulum
1282 1698 1386 1750 sustu-

222 1790 331 1867 lit311.
348 1793 397 1852 54.
418 1785 459 1852 τά
480 1784 685 1876 ψηφίσματα
706 1785 748 1853 τά
762 1788 1003 1877 Δημοσθένους
1021 1803 1150 1875 propter
1170 1795 1210 1854 οι·
1229 1789 1324 1872 (nam
1344 1784 1387 1854 τά

221 1904 262 1978 ψ.
283 1885 324 1973 τά
345 1890 405 1955 τοῦ
425 1891 467 1954 Δ.
490 1901 538 1952 est
554 1892 587 1953 in
605 1912 710 1975 αξιοι,
730 1889 771 1956 τοὶ
797 1902 838 1974 ψ.
866 1893 908 1957 Δ.
937 1894 970 1954 in
990 1890 1125 1974 dflrlel)
1153 1893 1293 1974 scripsit,
1321 1910 1388 1954 nou

223 1993 354 2057 mutavit
379 2003 484 2054 autem
516 1985 549 2056 oi
569 1985 734 2084 ὑπηρέται
755 1987 788 2056 oi
809 1993 883 2057 τοῦ
908 1987 1083 2058 Φιλίππου
1105 1988 1158 2076 (οὶ
1178 1987 1209 2058 δ.
1231 1985 1266 2060 οἱ
1290 1995 1333 2056 Φ.
1353 1991 1386 2073 ι’)

223 2085 877 2180 Η.137..ο1’τῷκη’ρυκιτῷάπδτοῢ
908 2087 1083 2156 Φιλίππου
1113 2095 1181 2178 (tui
1203 2117 1233 2158 ιι.
1250 2095 1298 2179 τῷ
1317 2084 1388 2160 dud

229 2201 269 2262 Φ.
291 2195 360 2277 σο)
382 2196 431 2257 111.
453 2200 504 2257 63.
546 2193 649 2260 Huius
667 2197 794 2279 generis
819 2192 917 2256 multa
940 2193 1048 2256 afferri
1066 2207 1215 2278 possunt,
1244 2197 1302 2260 sed
1317 2209 1391 2263 sunt

227 2297 291 2362 alia
303 2297 461 2382 graviora.
502 2298 539 2359 11.
561 2300 608 2358 10.
626 2318 657 2380 p.
680 2301 753 2358 203.
774 2296 900 2382 quidem
916 2307 1020 2373 recta,
1038 2309 1074 2361 ut
1088 2298 1217 2380 opinor,
1233 2296 1390 2362 Rectene

226 2401 416 2484 optimorum
443 2401 660 2465 auctoritatem
689 2399 832 2464 codicum
861 2399 996 2482 sprevit:
1018 2388 1066 2462 ἵν’
1086 2392 1219 2464 εἰδῶσιν
1240 2394 1274 2468 οἳ
1294 2399 1389 2464 dutu-

226 2497 319 2578 σταί,
341 2495 391 2576 τίς
412 2489 453 2584 ἦν
475 2492 493 2564 ὁ
515 2501 575 2564 τοῦ
594 2497 821 2585 Φιλοκράτους
841 2493 974 2585 ἑταῖρος
992 2495 1050 2562 καὶ
1069 2495 1120 2574 τίς
1142 2494 1160 2562 ὁ
1181 2496 1242 2574 τοὶς
1262 2497 1391 2584 δωρεάς

222 2593 451 2686 Ἀριστοδήμῳ
483 2595 621 2683 φάσκων
651 2591 779 2662 πείσειν
800 2598 917 2662 δοῦναι
937 2593 995 2661 τὸν
1017 2597 1122 2680 δῆμον
1152 2601 1216 2680 (sic
1238 2600 1389 2680 eidlps,

228 2701 303 2764 dum
332 2701 364 2762 in
392 2698 500 2775 udfm
527 2691 577 2773 τίς
596 2687 637 2782 ἧν
664 2682 908 2784 Φιλοκράτους,
941 2697 974 2758 in
993 2694 1044 2778 gh
1070 2690 1121 2772 τίς
1140 2687 1181 2781 ἦν
1201 2697 1261 2760 τοῦ
1287 2694 1392 2762 Φιλο-

227 2795 370 2886 κράτους
391 2801 541 2882 scriptum
560 2800 645 2881 est):
673 2819 748 2860 nam
765 2811 797 2860 et
810 2818 868 2881 per
880 2819 915 2859 se
928 2807 1016 2881 patet
1031 2807 1062 2860 et
1077 2795 1180 2860 elucet
1194 2817 1238 2859 ex
1254 2797 1295 2860 iis
1309 2819 1391 2882 quae

223 2913 418 2985 sequuntur,
439 2922 503 2963 non
514 2903 623 2988 quaeri
638 2897 839 2984 simpliciter,
862 2920 956 2984 quern
980 2899 1101 2962 socium
1119 2900 1141 2960 i.
1157 2920 1185 2961 e.
1206 2919 1282 2962 nuru
1297 2919 1393 2984 quem

229 3004 351 3076 socium
370 3013 404 3062 et
429 3023 597 3086 quemnam
620 3001 816 3091 Philocrates
832 2999 1003 3080 habuerit,
1031 3000 1089 3063 sed
1109 3002 1252 3086 quisnam
1266 3000 1322 3065 ille
1339 3023 1392 3071 so,-

229 3107 313 3184 oius,
342 3104 429 3167 cuius
449 3125 521 3167 eum
544 3104 667 3169 auxilio
691 3127 781 3169 usum
802 3125 873 3184 esse
897 3113 1038 3182 constet,
1066 3101 1180 3182 fuerit,
1200 3100 1392 3174 Demosthe,

197 3217 199 3224 ’
227 3227 326 3270 nesne
346 3227 387 3267 an
405 3203 593 3270 Aeschines.
636 3206 708 3270 Hoc
728 3228 792 3280 non
815 3206 918 3289 potuit
942 3201 1035 3269 aliter
1050 3202 1113 3266 dici
1128 3225 1221 3288 quatu
1241 3199 1292 3281 τίς
1309 3195 1350 3291 ἧν
1371 3200 1391 3273 ὁ

228 3309 289 3372 τοῦ
319 3298 546 3394 Φιλοκράτους
577 3300 718 3396 ἑταῖρος.
768 3306 845 3372 Sed*x
856 3307 1045 3371 documento
1070 3315 1121 3367 est
1139 3303 1191 3368 hic
1211 3302 1320 3386 locus,
1351 3329 1393 3378 ne

230 3407 302 3471 aliis
320 3405 415 3486 locis,
436 3405 492 3472 ubi
510 3427 563 3472 res
587 3407 710 3490 tulerit,
733 3412 830 3474 etiam
850 3408 958 3472 invitis
979 3405 1142 3470 codicibus
1156 3407 1321 3472 articulum
1338 3409 1393 3474 de·

228 3508 296 3572 lere
318 3505 507 3586 dubitemus.
557 3506 641 3574 Nam
660 3513 686 3574 1.
712 3515 762 3576 65.
781 3533 813 3595 p.
834 3513 875 3574 87
891 3529 957 3593 σιμ,
983 3510 1071 3574 cuius
1094 3506 1157 3571 loci
1180 3531 1292 3572 caussa
1313 3509 1393 3576 haec

231 3610 405 3693 disputavi,
434 3611 479 3671 sic
508 3610 628 3675 editum
654 3625 717 3676 est:
738 3608 801 3688 τίς
828 3607 891 3698 γάρ
919 3601 1012 3693 ὑμῶν
1042 3599 1080 3686 ὃς
1110 3600 1149 3674 οὗ
1179 3603 1318 3676 πώποτε
1345 3606 1393 3688 τίς

229 3699 359 3799 τοῦψον
381 3700 521 3796 άφίκται
540 3709 597 3776 καί
622 3709 682 3790 τάς
707 3710 860 3787 δαπάνας
880 3707 941 3787 τοὶς
961 3708 1087 3776 τούτων
1107 3700 1148 3776 οὗ
1169 3708 1392 3798 τεθοώρηκενς

230 3803 254 3897 ἢ
280 3806 331 3886 τίς
358 3801 397 3874 οὗ
425 3813 495 3886 τοῖς
523 3810 648 3880 τούτων
677 3811 811 3896 κώμοιςΙ
830 3808 887 3876 καί
921 3805 1087 3894 μοιχείαις
1118 3810 1300 3900 περιτυχών
1334 3803 1394 3876 οὐκ

229 3905 385 4000 ἠχθέσθη
415 3901 502 3998 ὑπὲρ
530 3915 589 3999 τῆς
616 3909 766 3995 πόλεως,·
803 3908 894 3994 ὅμως
927 3905 961 3978 δ’
978 3909 1094 3998 ἐπειδὴ
1128 3909 1163 3978 δν
1194 3907 1394 4002 δικαστηρίῳ

229 4005 342 4094 ἐσμέν,
373 4006 480 4076 κάλει
513 4037 573 4094 μοι
604 4015 786 4082 Γλαύκωνα
819 4012 1001 4103 Χολαργέα
1028 4011 1085 4080 τὸν
1113 4006 1320 4103 ἀφελόμενον
1347 4007 1396 4090 οἷς

231 4105 428 4200 ἐλευθερίαν
448 4109 505 4180 τδν
525 4114 738 4186 Πιττάλακον
757 4116 826 4185 κτλ.
867 4116 959 4181 Hanc
977 4137 1041 4179 non
1060 4137 1171 4186 sanarn
1189 4133 1261 4176 esse
1279 4116 1397 4180 oratio·

232 4235 306 4280 nem
322 4215 424 4299 quivis
439 4215 535 4282 facile
549 4219 707 4306 intelligit.
750 4217 835 4284 Nam
856 4218 991 4304 primum
1013 4216 1138 4302 ellipsis
1145 4211 1237 4279 verbi
1253 4209 1323 4280 doti
1336 4214 1410 4309 hoc¹

233 4315 362 4402 quidem
386 4312 460 4394 λῦτο
491 4319 623 4396 ofi'eudit
648 4345 752 4412 neque
782 4333 869 4393 cartu
895 4317 1142 4408 reprehensione
1169 4302 1208 4404 ὃς
1227 4337 1286 4402 pro
1307 4311 1400 4397 ὅστις
