3044 4986
582 219 871 329 -7.-er...

140 399 263 486 opinor.
304 394 390 464 Nom
413 399 447 462 in
468 395 529 462 hoc
550 397 678 482 quidem
698 415 815 480 genere
840 399 965 491 dicendi
988 424 1028 466 ea
1048 413 1097 466 est
1118 403 1305 486 scriptorum

140 499 355 578 comuetudo,
381 511 433 578 ut,
462 496 564 564 sicubi
584 491 624 564 th
645 501 798 562 omissum
820 505 996 584 repereris,
1024 506 1147 582 statim,
1173 501 1305 587 nequid

141 605 258 668 erroris
280 599 482 667 librariorum
506 598 700 684 negligentia
721 602 923 666 commissiun
946 605 1003 683 sit,
1030 606 1210 689 suspiceris
1253 601 1304 668 Cf.

140 702 288 770 Kr'tlmer.
303 705 332 779 6.
348 705 462 780 796,1.
505 697 627 774 Quare
645 698 795 765 hocloco
816 721 880 764 non
899 702 1026 785 quidem
1044 699 1132 770 ὅπου
1153 696 1194 770 δν
1213 697 1303 790 τύχῃ,

140 807 199 870 sed
220 799 308 870 ὅπου
329 797 436 882 τύχοι,
457 814 492 864 ut
506 803 603 865 estin
620 822 737 872 corma
753 813 785 864 et
798 803 831 865 in
847 800 955 866 edile
974 802 1084 884 Mon,
1102 795 1304 874 scribendum

139 908 274 972 videtur.
323 901 480 978 Quodne
503 905 573 988 quis
594 905 726 968 miretur
744 915 799 965 aut
818 901 983 970 soloecum
1008 926 1080 968 esse
1106 918 1214 989 putet,
1238 903 1305 970 Ae-

140 1008 266 1074 schines
286 1026 351 1070 ιιοιι
374 1004 414 1068 δε
434 1025 469 1066 re
487 1005 666 1088 praesenti,
688 1004 746 1066 sed
760 1003 801 1068 de
820 1001 1003 1068 criminibus
1018 1003 1114 1068 obiici
1128 1003 1191 1068 sihi
1207 1003 1309 1067 elle-v

140 1107 308 1174 mosthene
330 1104 433 1170 solitis
456 1103 610 1191 loquitur:
642 1125 731 1189 quero
753 1110 806 1168 tic.
825 1110 1010 1184 corctemcit,
1037 1105 1168 1170 τοπάσαι
1188 1125 1305 1182 mersus,

138 1209 194 1275 ubi
212 1214 333 1272 οιίαοι
355 1215 484 1286 erret,
517 1214 672 1290 tamquam
696 1205 830 1270 alterum
852 1204 1051 1270 Alcibiadem
1071 1213 1201 1272 accusat
1228 1207 1250 1269 i.
1276 1226 1306 1268 e.

138 1309 317 1378 accurabat.

222 1410 274 1476 De
288 1399 601 1495 praepositionesic
614 1409 693 1470 satis
704 1407 821 1472 dictum
833 1419 892 1472 est.
933 1406 1064 1474 Addere
1085 1406 1197 1487 liceat,
1216 1408 1305 1470 cuius

138 1515 187 1580 rei
202 1511 260 1576 illa
276 1512 461 1576 memoriam
484 1509 655 1587 excitavit,
690 1505 745 1570 Ill.
763 1514 833 1573 173.
849 1531 880 1594 p.
902 1513 973 1574 563.
993 1532 1058 1574 non
1079 1523 1165 1574 recte
1186 1510 1305 1572 factum

138 1615 241 1680 videri
251 1624 286 1676 ut
299 1614 345 1677 sic
360 1612 523 1676 ederetur:
554 1606 711 1674 celsiores
731 1603 769 1675 δ’
781 1607 819 1676 ἐκ
839 1611 898 1696 τῆς
919 1607 1144 1689 πολιτείας
1160 1605 1307 1698 εἰληφώς

139 1710 297 1805 ἀργύριον
324 1707 481 1792 ἐλάχιστα
510 1701 784 1798 περιεποιήσατο.
832 1707 916 1774 Num
939 1714 972 1775 in
997 1714 1125 1797 optimis
1143 1711 1305 1777 codicibus

139 1817 176 1886 ἐκ
192 1817 251 1900 τῆς
271 1808 404 1890 πόλεως
424 1811 557 1895 legitur3
594 1807 630 1875 ἐκ
650 1810 709 1896 τῆς
731 1806 912 1890 πολιτείας,
926 1827 974 1881 εει
994 1817 1028 1879 ἰιι
1048 1813 1153 1892 elcll,
1180 1815 1234 1901 qui
1252 1834 1306 1876 co·
1385 1869 1386 1872 ,

140 1919 228 1984 dices
253 1915 342 2002 pleni
370 1925 443 1978 sunt
469 1909 765 1996 interpolationem,
791 1925 824 1976 et
849 1915 882 1977 in
908 1937 971 2000 mg.
991 1936 1069 2000 gro,
1099 1916 1182 1980 unde
1210 1916 1307 1978 etiam

89 2093 94 2102 ἱ
139 2030 273 2105 augetur
297 2013 551 2099 interpolationis
580 2015 730 2096 suspicio.
780 2011 904 2100 Nempe
933 2018 1097 2098 viderunt,
1130 2017 1305 2100 quicunque

139 2122 232 2186 hrrius
253 2115 507 2203 interpolationis
531 2125 676 2178 auctores
696 2126 786 2194 sunt,
813 2101 1066 2190 Demosthenem
1082 2117 1114 2182 h.
1130 2115 1152 2180 l.
1172 2117 1306 2180 admini-

139 2222 268 2290 stranda
287 2217 452 2304 republica
470 2215 592 2279 luorum
613 2216 729 2280 fecisse
749 2218 820 2281 dici.
866 2217 910 2282 At
932 2223 1016 2286 enim
1038 2218 1216 2284 Aeschines
1239 2214 1306 2280 De-
1398 2222 1405 2236 ⁴

137 2323 339 2392 mosthenem
361 2322 523 2401 ingentem
545 2319 609 2379 vim
630 2319 785 2399 pecuniae
806 2337 861 2381 ετ.
872 2326 1002 2382 aerario
1023 2317 1076 2400 (ἐκ
1097 2320 1156 2403 τῆς
1177 2310 1306 2401 διοικί-

138 2445 223 2499 octog
237 2419 293 2484 111.
309 2423 360 2482 31.
373 2440 406 2502 p.
397 2419 493 2480 425
495 2415 506 2496 )
530 2416 570 2476 ad
585 2435 692 2476 rnuroe
707 2414 898 2479 reficiendos
915 2418 1018 2483 aliave
1032 2439 1163 2482 munera
1178 2416 1305 2501 publica

140 2519 396 2590 nactnmbonam
409 2517 579 2603 partemin
597 2534 674 2576 suos
690 2513 815 2580 loculos
836 2517 984 2584 retulisse
1013 2517 1089 2584 dicit
1111 2520 1164 2603 (cf.
1180 2516 1236 2582 111.
1250 2521 1305 2622 6..)

140 2621 214 2700 Qua
240 2645 276 2685 re
297 2631 384 2684 recte
408 2619 522 2682 dicitur
542 2635 587 2681 exc
613 2613 691 2680 urbe
718 2615 852 2680 multum
873 2621 1029 2740 pecuniae
1058 2623 1237 2705 occepisse,
1271 2632 1305 2683 ιιι

137 2733 166 2808 5.
180 2731 231 2790 23.
251 2747 283 2808 p.
296 2727 369 2786 415.
398 2716 479 2786 δέκα
506 2709 702 2784 τάλαντα’
673 2739 721 2794 εις
740 2720 845 2784 ταῦτα
866 2717 911 2786 ἐκ
932 2721 1002 2806 τῆς
1024 2719 1194 2799 πόλεως
1215 2715 1304 2808 εἰλη-

137 2825 227 2918 φώς,
247 2824 305 2888 ubi
325 2826 440 2887 iterum
459 2823 493 2884 in
515 2820 556 2883 el
574 2819 726 2901 scriptum
747 2830 797 2882 est
818 2816 855 2884 ἐκ
873 2822 932 2906 τῆς
953 2818 1135 2899 πολιτείας.

219 2915 498 3010 Praepositiooi'
477 2919 579 2998 από,
603 2921 688 3007 quod
703 2922 921 3000 merninerim‚
941 2925 1044 2987 rarius
1061 2947 1081 2986 a
1097 2922 1265 2990 Bellero
1256 2947 1304 2988 m-

135 3032 218 3096 iuria
239 3026 330 3091 illata
348 3037 407 3090 est.
451 3022 490 3087 lt
513 3027 564 3086 58.
585 3042 618 3104 p.
646 3025 718 3084 238.
744 3043 841 3098 ουτος
862 3021 900 3086 δέ
921 3045 1023 3111 φησιν
1043 3021 1225 3112 ἐφεστάναι
1244 3023 1305 3103 τὰς

137 3125 219 3198 ἀπὸ
240 3129 306 3194 τῶν
322 3120 486 3212 Ελληνων
505 3115 696 3211 πρεσβείας.
741 3119 814 3201 Sic,
845 3143 908 3186 non
930 3121 1024 3211 παρὰ
1046 3126 1113 3189 τῶν
1129 3119 1304 3211 Ελλήνων,

14 3288 16 3294 ,
135 3233 280 3317 legitur
270 3251 304 3293 m
333 3248 460 3313 ogero,
491 3245 623 3312 quorum
643 3243 727 3286 unus
747 3243 770 3286 α
792 3236 923 3310 propter
943 3245 1007 3288 non
1029 3223 1181 3290 collatum
1204 3224 1222 3288 5
1245 3247 1303 3311 pro

138 3331 263 3398 duobus
292 3342 351 3396 est.
393 3327 537 3412 Apparet
566 3338 672 3389 autem
702 3317 814 3414 παρά,
845 3325 930 3411 quod
953 3323 1087 3390 solenne
1116 3340 1165 3390 est
1186 3329 1220 3390 in
1241 3325 1303 3391 hoc

138 3453 256 3516 genere
270 3431 396 3496 dicendi
408 3427 508 3514 (ciss.
523 3432 572 3490 12.
581 3431 631 3491 86.
641 3430 711 3490 toa.
732 3423 847 3490 nter.
862 3426 944 3509 74),
965 3449 1029 3492 non
1046 3420 1116 3494 ἆπδ
1133 3449 1152 3490 e
1167 3426 1304 3492 librariis

137 3527 314 3617 prbiectinn
336 3553 418 3598 esse.
462 3527 513 3592 cf.
535 3527 576 3592 ll.
592 3532 643 3592 61.
664 3549 698 3612 p.
712 3533 786 3592 241.
806 3523 886 3615 πρὶν
906 3525 1114 3615 ἐπιδημῆσαι
1133 3525 1212 3606 τοδς
1233 3521 1304 3594 dud

138 3634 154 3716 (
163 3627 257 3719 παρὰ
277 3635 339 3717 ip)
359 3634 425 3698 τῶν
441 3623 604 3715 Ἑλλήνων
624 3627 793 3717 πρέσβεις.
834 3625 875 3691 ll.
893 3633 963 3692 162.
983 3650 1016 3714 p.
1031 3634 1103 3694 326.
1139 3628 1250 3694 Breuci
1264 3630 1304 3694 ad

136 3731 194 3800 ΠΙ.
211 3735 262 3796 63.
283 3737 400 3816 pesa.
435 3730 583 3794 Maetze.
606 3729 648 3793 ad
670 3729 806 3814 Lycurg.
826 3752 858 3814 p.
876 3735 1020 3794 204-
1054 3729 1096 3794 ΙΙ.
1112 3734 1164 3794 67.
1184 3754 1216 3816 p.
1233 3736 1305 3796 272.

137 3835 273 3924 πρῶτον
305 3829 366 3914 μὲν
399 3831 464 3952 peip
497 3829 578 3898 δέκα
614 3821 837 3920 πρέσβεων
817 3855 936 3909 οντων,
975 3823 1152 3897 ἑνδεκάτου
1181 3831 1219 3898 δε
1248 3834 1309 3898 τοῦ

137 3926 461 4020 συμπεμφθέντος
440 3957 476 4019 tp
463 3933 520 4016 μῖν
539 3923 623 3997 σίπδ
646 3933 712 3997 τῶν
733 3927 923 4017 συμμάχων.
964 3931 1014 3997 Ita
1033 3933 1159 3996 codices
1186 3945 1307 3997 tantum

138 4057 203 4104 non
225 4054 337 4098 omnes
357 4033 520 4118 (afgbik
528 4035 710 4120 l3mpqec)
737 4036 801 4097 duo
818 4026 944 4120 (de)‘
925 4028 1007 4100 νπδ
1029 4035 1095 4099 τῶν
1116 4027 1305 4117 συμμάχων,

138 4137 224 4224 quod
237 4135 396 4204 Betheem
416 4136 553 4208 retinnit.
595 4134 665 4200 Iam
678 4135 824 4202 Residina
836 4134 912 4201 Vol.
930 4133 989 4200 lv.
1010 4157 1042 4221 p.
1059 4127 1170 4198 857.²
1149 4130 1219 4200 απδ
1241 4134 1307 4199 τῶν

137 4259 238 4321 σσμμ.
267 4259 316 4319 ,,α
334 4243 431 4321 purte
452 4241 633 4306 εσειοιιαιι(ι
658 4237 721 4304 sihi
747 4237 875 4324 placere
903 4234 1137 4326 significaverat
1158 4235 1252 4320 idque
1275 4245 1307 4322 et

104 4427 106 4430 Ι
140 4335 286 4409 Bremiut
306 4340 340 4404 in
360 4338 506 4407 ordinem
525 4341 645 4426 recepit
664 4338 929 4432 necDircdocfittt
949 4340 1070 4410 reiecit.
1111 4334 1204 4400 Vidit
1224 4335 1307 4397 enirn
