3044 4986
675 1180 865 1266 p

179 1323 280 1436 Cum
298 1369 399 1435 multa
420 1375 547 1436 suntin
543 1367 791 1458 Aristophanis
808 1375 982 1439 comoediis
999 1371 1133 1438 obscura
1146 1373 1295 1459 ambigua
1309 1380 1344 1440 et
1443 1383 1445 1387 ’

174 1473 344 1560 impedita,
364 1485 430 1537 tum
449 1477 558 1537 nescio
579 1495 620 1538 an
644 1473 755 1538 nnlla'
751 1495 804 1540 res
818 1473 1020 1562 legentibus
1013 1477 1140 1560 gravius
1153 1471 1303 1539 obiiciat
1293 1497 1342 1539 rn-

176 1575 376 1659 commodum
397 1595 496 1660 quam
497 1567 566 1639 illa
586 1573 700 1640 fictitia
718 1580 864 1658 nomina,
886 1575 1000 1663 quibus
1017 1576 1228 1640 facetissimus
1245 1583 1342 1661 poeta

173 1693 250 1738 vera
267 1653 391 1738 celandi
407 1689 460 1738 aut
471 1678 660 1740 necessitate
677 1687 730 1739 aut
745 1675 896 1740 lubidine
903 1661 1059 1740 interdurn
1077 1681 1182 1741 utitur.
1218 1677 1342 1742 Caven-

175 1776 260 1838 dum
274 1777 442 1856 enirn'e'st,
467 1799 507 1840 ne
534 1777 610 1840 talia
633 1775 740 1858 illurn,
768 1781 823 1863 qui
841 1777 920 1841 nihil
943 1779 1053 1862 inepte
1078 1789 1110 1841 et
1126 1783 1200 1844 ιίιιιΙ
1217 1783 1340 1844 ratione

173 1877 317 1957 molitur,
337 1873 457 1941 temere
474 1879 643 1962 arripuisse
661 1887 692 1940 et
707 1878 903 1970 confinxisse
917 1880 1038 1942 credas.
1069 1879 1202 1944 Latinos
1217 1894 1339 1964 poetam,

173 1975 258 2042 haud
280 1977 376 2042 dubie
398 1999 585 2063 graecorum
606 1978 791 2064 exemplum
806 1987 951 2056 secutos,
971 1983 1038 2044 iam
1056 1981 1172 2046 dudum
1190 1981 1339 2046 observa-

173 2089 241 2142 tum
256 2086 306 2142 est
319 2083 490 2164 praeeunte
508 2065 667 2165 Appuleio
691 2079 785 2165 Apol.
805 2104 836 2165 p.
856 2085 927 2166 279.
939 2081 1026 2145 Elin.
1042 2103 1060 2146 a
1076 2085 1150 2146 viris
1166 2085 1340 2148 eruditissi-

155 2182 308 2260 'rnis‚'·ut
320 2175 467 2244 Bentleio
486 2181 526 2244 ad
542 2181 622 2244 Hor.
641 2179 704 2244 Od.
717 2179 757 2244 ll.
778 2186 891 2262 12,·13.
913 2181 1070 2247 Mansone
1084 2185 1217 2250 miscell.
1232 2189 1338 2272 script.
1386 2195 1395 2202 ⁴

171 2303 203 2368 p.
218 2286 289 2344 286.
304 2294 335 2345 et
349 2279 536 2346 Weicherto
550 2297 635 2366 poet.
650 2283 705 2347 lat.
721 2285 832 2368 fragm.
846 2306 877 2368 p.
890 2289 968 2364 412,
990 2284 1096 2347 solere
1116 2307 1191 2350 vera
1210 2291 1338 2351 nomina

171 2385 342 2469 praecipue
357 2402 500 2443 amorum
517 2403 645 2444 suorum
663 2405 733 2446 curn
751 2383 1065 2464 fictiscommntare,
1087 2388 1132 2447 ita
1154 2389 1281 2470 quidem'
1302 2401 1337 2451 ut

171 2478 246 2544 ficta
262 2502 326 2543 non
341 2478 445 2542 solum
458 2498 606 2560 numero,
630 2483 685 2544 sed
701 2485 803 2545 etiarn
824 2482 1016 2566 syllabarum
1031 2488 1201 2570 quantitate
1214 2491 1336 2552 ‘conve—

171 2584 277 2646 niant
286 2589 321 2644 et
340 2582 410 2644 sine
431 2601 557 2643 versus
553 2581 728 2667 dispendio
755 2605 831 2648 rora
850 2583 966 2649 substit
953 2589 999 2649 tui
1023 2590 1190 2678 possint..
1209 2581 1285 2652 Sed
1301 2592 1334 2654 in

169 2681 391 2768 Aristophanis
408 2680 524 2745 fabulis
539 2681 617 2746 lra'ec
635 2705 687 2747 res
704 2687 807 2748 minus
824 2688 961 2750 virorum
979 2689 1142 2779 doctorum
1161 2692 1297 2752 animos
1303 2703 1336 2753 el

171 2785 276 2848 studia
299 2784 448 2863 advertit,
477 2783 561 2848 haud
591 2783 685 2848 dubie
711 2787 785 2872 quia
811 2809 852 2850 ne
879 2809 988 2852 eorum
1010 2769 1136 2875 quidcni
1159 2788 1333 2873 hominum,

170 2907 303 2972 quorum
324 2907 398 2949 vera
418 2889 546 2949 nomina
566 2889 799 2972 posuitpoeta‚
822 2909 874 2951 res
890 2899 922 2952 et
939 2888 1005 2952 fata
1018 2893 1096 2952 satis
1112 2891 1144 2953 in
1160 2890 1246 2954 clara
1260 2891 1331 2957 luce

169 2985 325 3050 collocata
339 2997 421 3050 sunt.
464 2984 532 3051 Nec
546 3011 622 3052 vero
639 3011 699 3074 ego
716 2991 743 3052 is
758 3011 847 3069 sum,
869 2993 1005 3076 quirnea
1021 3013 1119 3075 opera
1131 2991 1255 3073 locum,
1277 2995 1336 3078 qui

169 3101 219 3152 est
233 3089 272 3151 de
286 3086 404 3150 fictitiis
421 3088 601 3152 nominibus
614 3091 647 3152 in
661 3088 886 3174 Aristophanis
899 3091 1098 3171 comoediis,
1117 3094 1162 3163 ita
1175 3092 1330 3158 illustrari

167 3209 264 3274 posse
280 3189 426 3269 credam,
448 3202 482 3252 nt
500 3189 580 3254 nihil
602 3191 815 3266 desideratum
838 3192 896 3255 sed
915 3194 991 3254 satis
1011 3190 1137 3256 habebo
1151 3215 1213 3256 uno
1226 3215 1328 3279 eoque

166 3287 290 3353 illustri*
306 3290 456 3376 exemplo
480 3293 643 3373 docuisse,
680 3314 774 3378 quam
797 3293 924 3377 egregie
951 3291 1038 3356 illius
1057 3306 1173 3378 poetae
1195 3317 1247 3356 ars
1267 3294 1328 3360 hac

170 3408 291 3476 quoque
311 3394 346 3455 in
365 3415 400 3456 re
422 3406 548 3456 versata
567 3397 629 3473 sit,
654 3395 699 3458 ita
723 3395 850 3479 quidem
875 3407 910 3456 ut
931 3397 1058 3478 semper
1081 3415 1120 3457 ea
1141 3395 1273 3480 eligeret
1294 3406 1328 3460 et

169 3489 301 3574 fingeret
318 3496 462 3575 nomina,
486 3515 567 3580 qnae
588 3497 729 3580 apprime
752 3494 893 3558 r'noribus
921 3507 953 3559 et
975 3495 1075 3559 indoli
1092 3515 1220 3598 eorum,
1239 3510 1328 3583 quos

167 3593 342 3658 irridendos
357 3604 498 3684 spectant
486 3595 572 3659 tibus
585 3599 761 3680 proponit,
772 3598 984 3660 convenirent.
1026 3578 1143 3682 Agam
1142 3601 1231 3663 enim
1245 3621 1328 3664 nunc

168 3693 315 3774 deloco,
337 3701 389 3784 qui
407 3697 545 3782 legitor
536 3715 570 3760 ιιι
585 3695 635 3759 Ar
635 3695 808 3780 utoplrnms
823 3697 906 3778 Rau.
924 3719 969 3761 vs.
985 3703 1056 3762 348.
1070 3703 1123 3764 49.

251 3785 273 3881 ἢ
267 3787 497 3884 προδίδωσιν
516 3787 723 3886 φοούριοι“
701 3824 721 3885 η
744 3789 858 3874 rorig’
843 3823 864 3884 η
858 3789 1072 3888 τάπόρρητ’
1088 3791 1289 3883 οῗιιοιιὲμιιει

210 3920 212 3924 ·
251 3895 290 3977 ἐξ
307 3891 448 3985 Αἰγίνης
472 3893 701 3986 Θωρυκίων
721 3891 767 3964 div
787 3894 1016 3984 εἰκοστολόγος
1035 3897 1276 3985 ιιοιιοδοιιίιιιιι.1

229 3997 342 4083 Nugas
351 3997 690 4080 aguntSclroliastae‘h.
704 3999 726 4063 l.
742 4001 830 4084 quisi
845 4003 954 4063 scitius
971 4013 1003 4062 et
1017 4001 1200 4087 diligentius
1215 4024 1326 4088 super.

166 4099 291 4166 stitibus
312 4102 521 4164 monumentis
538 4101 585 4162 uti
604 4097 798 4179 voluissent,
819 4099 914 4164 facilc
932 4099 1015 4165 hunc
1036 4099 1142 4172 locum
1161 4105 1325 4189 explicare

163 4211 320 4323 poterant.
369 4193 566 4262 Omnium
545 4223 621 4264 vero
650 4197 847 4320 ineptissime
878 4203 906 4265 is
933 4209 1099 4267 versatus
1105 4217 1174 4286 est,
1203 4210 1258 4290 qui
1284 4208 1325 4270 ad
1357 4205 1358 4209 ’

163 4297 346 4426 οἷσκιὺμαιοι
361 4299 447 4364 haec
470 4301 653 4386 adscripsit:
689 4297 737 4378 εἷς
758 4299 926 4390 διφθέρας
945 4299 1009 4390 γὰρ
1030 4301 1090 4382 τὰς
1111 4301 1232 4372 εαυτοῦ
1251 4308 1325 4372 διοι-

120 4455 123 4462 .
163 4402 257 4484 ιοίας
280 4400 416 4494 γράψας
436 4393 567 4488 ιἰιιμιιι
587 4405 657 4482 τοῖς
682 4399 902 4488 πολεμίοις
885 4421 921 4472 ιν
946 4405 989 4491 τῇ
1015 4411 1215 4496 Λακωνικῇ,
1241 4406 1324 4470 haud

1073 4516 1121 4580 1*
