3044 4986
555 321 614 334 -
675 273 848 386 ιε,-

120 425 205 538 μήτε
228 447 304 536 ἐμοὶ
332 452 525 539 κατηγορεῖν
553 448 644 537 μήτε
664 445 772 536 τούτῳ,
797 443 1073 536 ἀπολογείσθαι,
1098 450 1152 516 ubi
1165 489 1168 499 =
1181 455 1287 522 invitis
1394 485 1397 502 ¹

120 553 212 618 libris
226 556 280 640 qui
291 555 403 638 optimi
425 565 499 616 sunt
519 552 679 617 Bekkeruc
699 552 864 638 vulgatum
887 551 932 617 ἐκ
953 555 1027 619 τοῦ
1047 553 1151 637 νόμου
1173 547 1197 640 ἢ
1216 557 1286 638 τοϊς

120 651 342 742 ψηφίσματος
360 655 497 718 retinuit.
539 653 585 720 At
602 677 678 718 vero
692 649 896 740 ἐπιτήδευμα
917 654 938 716 i.
954 675 982 716 e.
1004 651 1159 742 διατριβὴ
1181 652 1219 738 (4.
1236 659 1286 720 54.

119 757 186 818 τῶν
216 753 254 820 δὲ
275 745 311 820 ἔτι
331 756 390 842 τῆς
411 754 584 843 διατριβῆς
604 749 750 842 ταύτης)
778 776 842 834 non
863 753 921 818 lex
938 756 1092 839 quaedam
1109 768 1162 818 aut
1176 777 1287 837 norma

120 866 171 918 est
194 853 337 935 vivendi,
367 857 425 919 sed
444 858 515 941 ipsa
536 859 600 948 v'ita
622 879 702 942 quae
724 857 860 937 vivitur,
888 868 923 918 ut
951 848 1108 942 πράττειν
1132 849 1168 922 ἔκ
1198 867 1287 936 τινος

107 952 382 1042 ’ἐπιτηδεύματος
402 979 467 1022 non
484 961 587 1043 magis
602 970 688 1022 recte
703 958 824 1021 dicatur
837 978 931 1042 quarn
954 955 1012 1040 ζῆν
1032 949 1069 1020 ἔκ
1088 979 1179 1033 τινος
1198 957 1286 1041 βίον.

122 1053 190 1119 Sed
212 1054 372 1144 πράττειν
391 1083 425 1124 τι
445 1056 650 1145 ἐπιτήδευμα
664 1071 750 1121 recte
771 1058 901 1121 dicitur:·
914 1055 938 1119 1.
954 1059 1006 1119 37.
1018 1079 1049 1142 p.
1067 1061 1119 1122 64.
1142 1051 1286 1144 ἀνομοιο-

119 1153 256 1239 ζόμενος
272 1154 384 1243 Ιλέγειν
401 1156 480 1249 περὶ
494 1155 765 1248 ἐπιτηδευμάτων
779 1155 879 1246 φύσει
899 1155 960 1240 μὲν
977 1153 1024 1242 μὴ
1037 1157 1162 1237 naida,
1181 1154 1286 1247 ταύτην

119 1255 156 1320 δὲ
186 1258 437 1344 πεπραγμένων.
479 1259 551 1324 Ηοο
573 1264 752 1345 ignoratum
772 1261 834 1323 nisi
852 1259 950 1322 failor
971 1259 1083 1323 vitium
1098 1265 1286 1344 procreavit.

118 1353 204 1420 Nam
222 1359 307 1443 quod
328 1363 361 1424 in
384 1359 512 1447 bdfltq
531 1385 589 1448 pro
612 1359 650 1440 ἐξ
669 1349 716 1427 ὦν
736 1353 837 1426 αὐτὸν
855 1359 992 1444 legitate
1007 1349 1037 1424 δί’
1046 1354 1121 1440 τόν,
1155 1362 1288 1447 id.quia

119 1471 153 1520 et
164 1459 358 1524 acodicibus
371 1466 679 1527 commendationem
695 1461 838 1526 habetet
853 1462 892 1525 ad
907 1463 1097 1524 sententiam
1108 1475 1224 1547 aptum
1236 1476 1287 1528 ast

117 1579 221 1644 neque
240 1584 310 1625 cunr
333 1567 540 1647 granunatica
565 1577 620 1628 aut
642 1585 721 1628 sana
745 1567 868 1628 ratione
890 1573 1028 1648 pugnat,
1059 1560 1099 1625 ab
1121 1561 1286 1631 Aeschine

117 1663 301 1745 scriptum
282 1664 416 1728 videtur.
457 1663 542 1729 Nam
559 1689 600 1730 ne
618 1689 711 1753 quem
732 1664 933 1766 reliquorum
948 1667 1118 1728 auctoritas
1140 1669 1285 1732 codicum

80 1793 82 1796 ·
116 1759 225 1842 fallat,
258 1765 372 1828 eodem
401 1765 462 1830 hoc
492 1767 603 1831 loco
594 1791 628 1831 ιο
652 1766 820 1832 codicibus
837 1752 980 1851 alioquin.
1002 1771 1284 1849 praestantissimis

115 1881 198 1945 gnte
225 1865 272 1945 (f
287 1878 318 1928 et
343 1865 444 1956 ἰ)μῆ
467 1881 539 1932 ante
560 1868 614 1956 δη
601 1891 758 1957 ιηηορειν
779 1869 931 1931 omissum
951 1877 1018 1945 est,
1038 1888 1131 1950 qnam
1147 1872 1284 1952 partica

116 1963 199 2030 lam
190 1985 254 2029 ram
265 1967 410 2032 Raetiae
426 1983 511 2034 recte
527 1993 570 2033 ex
588 1992 630 2054 qr
649 1973 822 2054 receperat.
860 1966 1038 2034 Aeschines
1051 1971 1136 2037 enim
1150 1970 1283 2038 verbum

114 2068 249 2131 vetandi
270 2091 335 2133 non
362 2075 469 2156 posuit
497 2074 573 2158 quin
603 2073 646 2135 ad
673 2069 862 2134 infinitivum
890 2065 936 2156 μή
967 2069 1108 2132 adderet.
1162 2069 1211 2134 Cf.
1240 2073 1282 2138 de

116 2159 317 2257 ἀπαγορεύω
338 2168 364 2234 4.
381 2178 430 2236 ιο.
450 2180 501 2238 32.
523 2180 575 2237 ιο.
604 2173 645 2237 11.
657 2177 726 2234 roo.
756 2170 812 2234 111.
826 2175 876 2232 ιι.
892 2175 945 2233 er.
959 2173 1012 2232 35.
1029 2174 1147 2234 aaut.
1164 2176 1214 2235 to.
1230 2179 1282 2238 aa.

116 2273 197 2349 203,
219 2262 433 2338 decineratis
453 2275 546 2338 Ι,29.
563 2281 633 2339 138.
654 2273 710 2337 llI.
723 2278 776 2336 43.
794 2277 846 2336 45.
870 2277 922 2334 48,
937 2274 1009 2332 204.
1052 2271 1283 2338 Attraotionem

117 2381 224 2434 autem
245 2357 313 2454 (ὧν
333 2368 391 2436 τὸν
411 2370 606 2460 πράξαντα)
626 2375 687 2437 hoo
703 2374 831 2458 quidem
844 2372 917 2435 loco
936 2391 1029 2432 nemo
1044 2373 1210 2454 quisquam
1223 2395 1282 2436 ex·

117 2471 324 2554 spectaverit,
353 2493 435 2554 quae
458 2475 553 2536 etiarn
572 2473 629 2536 ubi
649 2475 717 2536 iuro
741 2471 878 2558 quodam
902 2481 1160 2554 exspectaretur,
1182 2471 1281 2553 multo

116 2590 212 2654 quarn
233 2575 430 2654 grammatici
451 2564 576 2638 docent
590 2573 752 2658 (Kddner.
772 2577 801 2652 ξ.
824 2576 895 2636 787.
915 2585 980 2635 not.
1003 2571 1044 2653 5.)
1071 2576 1200 2656 saepius
1226 2597 1281 2640 ne·

114 2670 221 2756 glecta
234 2671 398 2754 reperitur
443 2671 492 2736 Cf.
508 2673 563 2737 Ill.
574 2679 623 2738 57.
615 2699 671 2760 p
663 2679 751 2738 445
773 2669 831 2739 καὶ
848 2669 1017 2760 χρήσομαι
1037 2673 1080 2759 τῇ
1099 2696 1160 2738 τοο
1144 2673 1282 2762 λόγοη

113 2769 208 2850 τάξει
233 2767 353 2860 ταύτη,
387 2763 428 2858 ίην
456 2763 501 2863 (ᾗ
480 2778 581 2840 rtet
585 2781 599 2860 )
629 2778 746 2841 τοῦτον
774 2770 995 2894 πονδοίνρμαι
1014 2770 1158 2857 μέλλειν
1171 2779 1280 2841 ποιεῖ

114 2879 210 2940 σθαι.
229 2873 269 2938 ΙΙ.
285 2879 334 2936 56.
326 2897 379 2993 .p.
371 2880 464 2938 ,236
487 2869 557 2942 απὸ
578 2902 637 2964 της
658 2863 953 2965 δημηγορίας,ίη“ιι
911 2877 1007 2955 rvr(
1002 2861 1215 2994 ἷὶῖςςαιο)
1184 2897 1281 2960 ειπον

115 2996 195 3063 περι
213 2998 273 3060 της
286 2968 433 3096 είρηνης.
456 2974 506 3039 Cf.
524 2975 578 3040 ill.
595 2983 666 3041 217.
685 3001 716 3062 p.
708 2983 803 3040 ,548.
825 2974 915 3042 Ι..45
932 2995 964 3058 p.
980 2978 1031 3036 70
1062 2968 1171 3038 [ta
1131 2999 1192 3040 ουκ
1209 2998 1280 3043 εστι

113 3077 246 3141 ταῦτα
275 3069 358 3164 ἆρχη
349 3072 435 3141 ΙΙΙ.
452 3084 501 3142 13.
517 3101 548 3162 p.
560 3085 632 3143 308.
677 3077 726 3140 Cf.
748 3077 867 3140 mor.
890 3097 922 3158 p.
941 3079 1010 3137 180.
1039 3063 1079 3138 II.
1095 3079 1145 3139 38.
1160 3099 1191 3160 p.
1205 3083 1278 3141 222.

114 3174 155 3238 ll.
168 3181 219 3241 53.
238 3201 270 3262 p.
293 3183 366 3242 232.
408 3175 492 3243 Vide
506 3177 642 3244 Lobeck.
665 3180 705 3242 ad
726 3177 826 3264 Soph.
850 3175 942 3240 Aiac.
959 3179 1034 3238 403.
1050 3173 1099 3238 ed.
1116 3181 1154 3255 2,
1181 3175 1281 3242 Iahcs'

119 3274 244 3342 Annali.
268 3278 392 3364 philoll.
414 3281 516 3367 suppl.
532 3280 581 3344 IV
581 3329 590 3344 .
604 3288 633 3345 3.
648 3305 680 3368 p.
697 3285 770 3346 356.
810 3277 876 3342 Sed
894 3279 936 3361 in
950 3279 1134 3355 attractiopa
1150 3281 1278 3362 saepius

116 3380 200 3463 apud
220 3379 412 3446 Aeschinem
432 3379 633 3444 librariorum
656 3381 749 3467 culpa
765 3377 930 3466 peccatum
945 3378 1161 3444 essevidetur.
1186 3377 1279 3445 .Non
1347 3383 1354 3398 '

115 3481 201 3544 cadit
221 3483 348 3566 quidem
373 3484 487 3567 opinor
507 3482 587 3546 haec
622 3486 760 3569 suspicio
784 3480 870 3546 inl.
890 3485 960 3542 161.
983 3501 1015 3563 p.
1041 3481 1135 3541 161.
1147 3471 1275 3557 οὐκοῦν,

113 3575 211 3668 εἴπερ
237 3580 274 3646 τὸ
304 3584 442 3704 πρᾶημα
473 3578 566 3671 δίκης
593 3585 805 3672 προσδεῖται,
842 3583 921 3658 τοῖς
941 3575 1027 3642 κατὰ
1053 3583 1278 3700 γραμματεῖον

111 3676 341 3806 ηταιρηκόσιν,
378 3677 420 3750 dv
445 3677 645 3764 αδικιονται,
679 3681 701 3774 ἦ
734 3688 800 3751 τῶν
829 3678 939 3766 νόμιον
969 3665 1023 3742 ὧν
1051 3667 1146 3744 οὗτοί
1172 3700 1278 3768 φασιν

112 3777 292 3870 ἐπικουρία
321 3782 570 3865 καταλείπεται,
606 3786 662 3851 ubi
694 3786 781 3851 nulla
809 3797 859 3851 est
889 3783 1065 3846 attractio.
1094 3777 1179 3844 Nam
1206 3783 1300 3848 τῶν

112 3879 223 3965 νόμων
244 3872 302 3960 οὓς
323 3871 416 3950 οὗτοί
435 3909 543 3976 φασι
564 3911 628 3953 non
643 3891 769 3968 dicitur,
803 3886 862 3950 sed
886 3907 952 3948 των
970 3903 1082 3963 νομιον
1104 3870 1162 3956 οὓς
1184 3901 1278 3947 ουτοι

113 3981 300 4070 deportet,
336 3984 430 4070 idque
453 4001 485 4051 et
506 3987 653 4054 librarius
676 3991 800 4054 videtur
821 3987 978 4060 sensisse,
1015 3982 1108 4065 qui)
1089 3971 1130 4044 iv
1154 3999 1211 4064 pto
1227 4001 1278 4052 μιν
1366 4033 1371 4052 .

113 4090 239 4171 scripsit
259 4086 348 4170 (cod.
371 4087 423 4169 l,)
445 4087 651 4172 etReettr'ue,
677 4095 730 4176 qui
745 4077 828 4168 ἐξ
801 4114 847 4154 ιον
870 4085 976 4162 dedit,
997 4078 1200 4158 attremat,
1223 4082 1276 4164 qui

112 4211 162 4266 ως
183 4176 277 4253 οὗτοί
298 4211 335 4276 η).
357 4190 529 4272 proposuit.
580 4190 710 4267 Quare
732 4195 780 4256 sic
806 4192 1030 4271 interpretarer
1065 4183 1208 4245 relictum
1228 4189 1279 4244 ert

111 4295 152 4352 tu
171 4291 326 4354 auxilium
347 4293 450 4375 legum
469 4311 596 4373 quarum
617 4293 653 4357 tt
667 4301 786 4378 putaret
806 4313 850 4356 se.
875 4283 1031 4350 arrxilinm
1049 4281 1111 4348 sibi
1132 4281 1276 4346 relictum

111 4413 193 4454 csse.
236 4389 359 4458 Revera
381 4395 464 4458 enim
488 4389 566 4455 nihil
588 4395 703 4459 auxilii
724 4418 743 4459 a
770 4392 895 4477 legibus
920 4386 1108 4469 *exspectari
1140 4389 1274 4466 poterat,

180 4489 216 4545 11.
1034 4493 1056 4556 3
1237 4489 1238 4492 ‘
