3030 5002
647 203 978 296 2-‚258-

220 385 389 464 ‘adera
431 384 553 450 Contra
576 379 669 446 xm.
685 403 717 447 v
738 386 811 446 474.
835 379 1034 445 scribendum
1051 378 1244 464 putaverim.
1278 373 1336 440 καὶ
1356 373 1404 441 τοὶ

235 497 296 580 μὲν
319 486 423 558 ἀκλέα
449 483 590 553 πολλὰ
619 481 676 548 uoci
696 476 755 548 οὐκ
778 469 923 578 ἇρῖδηλα
944 481 1069 566 γεγῶτα
1091 478 1251 564 κοδήενια
1271 472 1404 564 τίθησι.

237 595 313 661 Νοιι
335 597 438 656 omerio
459 590 562 666 enim,
593 606 674 672 quae
702 573 859 670 ignobilia
885 583 1029 661 fuerunt,
1055 587 1169 666 postea
1190 577 1345 648 honorem
1368 584 1407 642 et

217 695 350 762 'titulos
372 691 540 774 accipiunt.

320 791 362 857 V.
384 794 446 853 262
470 810 517 874 sq.

701 875 742 971 τῇ
764 868 799 944 δ’
824 871 978 960 ἰξόπιθιν
1003 865 1105 942 κακὸν
1127 869 1209 940 ἄλλο

402 982 506 1075 ἔλθη,
527 975 595 1048 tuci
623 1002 665 1044 κε
686 981 811 1058 λέοντες
825 974 1035 1068 ἀναρπάξωσι
1051 980 1105 1042 καὶ
1120 969 1271 1058 αὐτην.

113 1173 116 1177 ,
239 1101 414 1187 Scripsisse
436 1099 566 1178 poetam
586 1088 740 1156 arbitror:
763 1084 874 1158 ἐπει
860 1113 876 1156 ε
897 1088 1026 1165 λέοντες
1046 1096 1108 1152 etc.

319 1199 363 1266 V.
385 1200 447 1262 345
471 1215 538 1322 sqq.

402 1297 519 1371 οὕνεκά
545 1300 584 1368 οὶ
604 1307 740 1388 χρυσοῖο
763 1299 819 1366 καὶ
842 1292 1019 1368 αλλωνὲ
1022 1324 1039 1365 ν
1062 1291 1246 1366 κτεάτεσσιν

402 1395 509 1474 ὅσσοι
529 1399 605 1469 σάοι
629 1398 795 1492 φιύγοντα
816 1405 870 1468 καὶ
892 1395 1123 1482 citioriundc⁸
1103 1405 1160 1466 ιιιὶ
1174 1411 1295 1485 γαῖαν,

401 1509 470 1575 τῶν
491 1501 624 1572 πάντων
646 1506 746 1590 reposit
746 1506 913 1587 βονλεν“
883 1529 937 1574 ιον
952 1506 1053 1590 πατέρ
1059 1496 1148 1586 ’ἠδὲ
1171 1504 1227 1568 καὶ
1242 1490 1309 1568 υἷα

237 1621 288 1710 Ita
308 1619 389 1684 haec
411 1619 562 1682 audacter
583 1635 654 1678 cum
672 1614 896 1680 Rhodomauno
916 1618 1045 1699 scripsit
1078 1613 1272 1697 Tpcdoem'as.
1315 1605 1403 1672 Νιιιιι
1487 1663 1488 1686 ,

237 1744 297 1811 pro
318 1711 490 1786 ditae
482 1739 515 1780 ιιι
528 1713 647 1779 Aldina
669 1706 839 1797 ἅλλοις,
860 1741 918 1803 pro
942 1713 1048 1783 ὅσσα
1070 1723 1176 1780 autem
1198 1703 1329 1830 ἄνδρα
1350 1708 1403 1772 le·

239 1825 335 1909 gitur
377 1817 447 1884 Noc
468 1826 577 1882 tamen
597 1815 655 1880 illa
673 1819 889 1896 satisfaciuut3
920 1826 1022 1882 restat
1042 1821 1127 1881 enim
1146 1815 1225 1878 illud
1247 1807 1288 1877 ci
1319 1813 1402 1876 satis

239 1927 474 2011 importunum,
496 1919 580 2004 quod
603 1939 664 2003 quo
685 1919 885 1986 referendum
902 1924 944 1984 sit
965 1941 1029 1984 non
1048 1917 1143 1982 facile
1165 1916 1280 2034 aliquis
1294 1914 1398 1990 dicat3
1488 1931 1489 1984 ι

238 2032 308 2088 turn
333 2026 430 2086 etiam
457 2024 539 2084 mira
564 2027 615 2082 est
641 2017 860 2085 ilialocutio:
898 2012 1083 2084 ditos*
1067 2041 1107 2084 εν
1135 2011 1400 2083 κτεάτεσσιν.

238 2123 395 2211 Equidem
417 2144 437 2184 a
460 2120 581 2196 Quinto
603 2118 709 2183 locum
730 2122 777 2183 ita
797 2121 974 2212 proiectum
995 2141 1067 2190 esse
1087 2127 1184 2204 puto:
1293 2118 1300 2128 '

228 2261 238 2286 '-
284 2257 314 2312 χ
339 2221 462 2304 odorra
484 2233 555 2299 καὶ
578 2229 714 2319 χρνοοῖο
735 2233 791 2296 καὶ
816 2224 905 2297 ἄλλ’
931 2221 994 2295 dc’
1020 2230 1067 2298 ἐνὶ
1088 2223 1268 2295 κτεάτεσσιν
1321 2249 1324 2258 ’

338 2327 473 2420 ἄνδρα
497 2330 572 2402 σάοι
592 2327 754 2422 φεύγοντα
770 2337 827 2403 καὶ
848 2325 1040 2414 ἀλλοδαπὴν
1064 2335 1117 2401 ἐπὶ
1136 2333 1247 2417 ναῖον,
1294 2363 1297 2370 ·

249 2443 257 2464 ·
337 2437 402 2504 τῶν
427 2432 566 2504 πάντων
583 2436 815 2530 προβέβουλεν
822 2429 874 2504 ἑὸν
889 2434 1003 2524 πατέρ’
1033 2427 1089 2519 ἡδὲ
1112 2439 1167 2500 καὶ
1188 2423 1253 2500 οἷα.

242 2545 522 2611 Constructionem
537 2544 647 2630 paullo
663 2549 898 2631 impeditiorem
921 2567 959 2610 eo
982 2549 1073 2610 notio
1051 2553 1124 2631 gat,
1147 2546 1232 2631 quod
1250 2547 1400 2632 sequenti

239 2645 382 2710 membro
397 2645 496 2710 verba
516 2648 685 2732 praeponit
714 2649 780 2711 τῶν
800 2643 944 2714 πάντων.

322 2743 365 2808 V.
384 2749 445 2809 383
467 2762 515 2834 sq.

341 2848 470 2922 rodurn
493 2853 536 2945 ἄρ
545 2853 614 2922 ὀἳ
640 2858 699 2938 μὲν
714 2846 830 2922 ολονιο
846 2878 922 2980 apo,
897 2847 1062 2975 colloca,
1085 2848 1204 2924 (ι”ῒὸ
1184 2850 1249 2924 ard
1263 2881 1346 2926 actu

341 2949 531 3045 τερπόμενοι
547 2953 640 3046 napo
630 2949 761 3040 ⁸dorrt,
787 2956 882 3046 παρ’
903 2951 1058 3046 ἠϋκόμοις
1080 2954 1256 3048 ἀλόχοισιν.

239 3066 307 3132 Alii
328 3059 460 3133 ⁸l⁸roiaui
481 3070 644 3153 perierunt
663 3070 695 3132 in
718 3071 788 3154 ipso
816 3067 904 3134 bello
926 3079 1035 3136 contra
1059 3070 1199 3134 Graecos
1227 3093 1285 3155 pro
1312 3094 1403 3138 moe·

239 3168 334 3234 nibus
349 3177 546 3254 pugnantes,
569 3167 624 3234 ulii
644 3171 676 3231 in
699 3172 769 3253 ipsa
790 3168 880 3234 urbe.
923 3170 990 3233 Sed
1011 3170 1123 3233 hortun
1136 3169 1403 3258 ¹dupleudistiu·

125 3345 134 3364 .
239 3271 295 3352 gui
316 3290 426 3353 genus,
448 3265 581 3352 quorum
596 3269 659 3332 alii
681 3271 712 3331 in
735 3291 847 3351 coena,
869 3270 926 3333 alii
946 3273 979 3334 iu
999 3267 1092 3332 lectis
1111 3269 1151 3332 ab
1174 3266 1320 3332 hostibus
1342 3294 1402 3359 op.

238 3372 342 3452 pressi
364 3371 446 3447 sint,
470 3376 504 3432 et
521 3363 573 3432 res
594 3372 664 3455 ipsa
686 3371 818 3450 suadet,
839 3379 873 3434 ct
888 3379 998 3456 aperta
1014 3369 1152 3434 ostendit
1167 3366 1310 3434 Treoua
1324 3375 1402 3440 imi.

238 3471 340 3549 tatio,
361 3472 415 3554 qui
436 3472 468 3534 in
490 3469 738 3538 Posthomeriois
758 3495 787 3536 v.
809 3476 881 3536 726.
903 3474 942 3538 de
960 3470 1108 3536 Troianis
1129 3471 1224 3536 dicit:

363 3578 572 3665 κτεινομένων
586 3574 671 3647 κατὰ
686 3573 788 3648 νύκτα
804 3585 876 3671 ιιιρι
892 3582 1045 3669 κρητῆρσι
1059 3578 1162 3648 xai’
1128 3581 1216 3675 ιννῇ.
1311 3617 1314 3621 ’

238 3682 381 3750 Eandem
402 3692 594 3754 seutentiam
630 3693 682 3774 qui
714 3713 771 3772 eo,
798 3715 892 3812 qpem
913 3698 1102 3770 tractamus,
1130 3691 1204 3756 loeo
1231 3693 1278 3756 ita
1303 3696 1400 3759 resti-

238 3777 391 3851 tuendam
408 3809 480 3852 esse
491 3785 639 3869 censeat,
660 3798 696 3854 ut
709 3801 814 3880 postp
805 3785 876 3858 ϋκό
876 3815 954 3876 μοις
974 3795 1132 3857 inseratur
1147 3793 1261 3879 copula
1275 3792 1338 3875 ιέ,
1364 3799 1398 3862 ei

238 3888 391 3969 equidem
407 3911 471 3954 ιιοιι
492 3895 665 3955 assentiam
686 3901 815 3977 propter
834 3892 1075 3957 insolentem⁸
1048 3916 1121 3958 erus
1135 3894 1309 3982 particulae
1330 3896 1399 3960 col.-

238 3982 440 4104 locationem.
481 3988 594 4054 Potius
616 3990 754 4066 Quintus
775 3997 822 4058 ita
840 3995 1005 4078 scripsisse
1027 3996 1168 4062 videtur:
1190 4020 1284 4086 παρα
1308 3994 1400 4064 δαιτὶ

237 4075 308 4150 aad
326 4077 488 4172 ηῢκόμοις
509 4082 690 4172 ἀλόχοισιν.

319 4184 360 4250 V.
381 4192 452 4253 394.
541 4241 544 4248 .
704 4189 763 4261 ιἰιι
753 4188 943 4282 ’ξιφος’
901 4195 1012 4278 οιοχὲνι
1031 4199 1151 4286 κῦρσαι

234 4281 325 4356 Haec
345 4287 444 4370 verba
469 4291 617 4377 equidem
639 4313 704 4362 ιιοιι
727 4299 932 4380 tentaverim,
970 4321 1121 4366 maxume
1147 4302 1245 4382 etiam
1272 4297 1315 4364 ob
1345 4300 1398 4368 lo·
