3026 4992
645 149 929 286 ...⁸90-

171 469 174 474 ¹
209 375 251 550 sip¹
267 381 333 504 erpa
354 372 458 447 αὖτοῦ
474 374 579 472 ἔργον
598 380 657 468 την
672 375 770 472 τύχην
791 373 1160 472 προαγόμενος,“τῇ
1174 377 1277 448 αὑτοῦ
1290 374 1369 448 δου-

206 503 441 576 κατοκνοῖεν·

292 647 363 716 Νεε
383 651 484 738 liquet
506 652 581 736 quid
600 653 645 716 sit
668 647 900 738 προαγόμενος
918 648 979 736 τήν
998 643 1110 737 τόχην,
1138 669 1198 714 nee
1220 647 1368 716 Reiskia-

122 761 124 769 ’
208 773 286 818 narn
303 753 389 818 istud
410 745 660 838 προσαγόμενος
679 750 735 834 (ad
750 773 786 816 se
798 772 978 832 arcessens,
1000 751 1176 834 asciscens)
1201 749 1301 816 habet
1314 755 1368 838 qui
1466 837 1469 843 .

184 927 187 932 .
209 861 285 940 apte
311 851 501 938 explicetur.
544 851 644 938 Atqui
665 850 747 918 hauc
765 853 834 918 iere
846 854 1048 920 sententiam
1069 848 1202 916 subesse
1223 861 1366 939 oportet:

175 976 185 988 ·
210 958 265 1041 qui
285 975 349 1019 non
372 975 431 1023 sua
456 959 571 1039 sponte
594 972 654 1018 nec
672 950 851 1020 voluntarie
872 956 980 1018 omnia
996 953 1076 1020 fecit
1098 959 1154 1016 aut
1171 975 1287 1038 pessus
1299 963 1367 1036 est,

131 1099 134 1108 ·
206 1059 238 1122 is
250 1055 356 1120 aliena
370 1062 420 1120 est
433 1077 511 1120 usus
523 1055 667 1121 senuna:
686 1057 745 1142 ¹qui
757 1062 864 1120 autern
877 1077 936 1120 sua
952 1056 1054 1140 ipsius
1068 1052 1234 1118 voluntate
1258 1059 1366 1120 omnia

205 1159 402 1244 perpetravit
424 1177 483 1237 eo,
499 1156 590 1243 ,qnod
605 1157 752 1220 fortunae
772 1177 849 1220 snae
870 1157 962 1243 quasi
976 1155 1044 1218 dux
1059 1161 1110 1218 est
1123 1157 1366 1242 eamque‘iactis

209 1260 277 1323 suis
290 1258 475 1324 moderatur
492 1264 526 1322 et
544 1262 635 1344 ηαανι·
638 1256 811 1342 perturbat·
823 1263 871 1338 ι’1α
884 1267 922 1322 υτ
931 1278 956 1334 α
970 1265 1060 1324 recta
1075 1261 1129 1324 ονἰι
1142 1256 1285 1341 aberret,
1305 1281 1365 1336 sno

205 1361 307 1446 ipsius
331 1359 505 1425 infortunio
532 1367 654 1444 peccat.
697 1358 781 1424 Hinc
807 1362 973 1446 scripsisse
994 1357 1226 1444 Antiphontem
1247 1359 1364 1446 colligo

205 1457 513 1548 παραγόμενος.
534 1453 707 1549 Παράγειν
725 1465 811 1526 enim
828 1470 878 1526 est
894 1464 941 1526 ita
954 1460 1099 1547 'aliquem
1117 1459 1231 1525 ducere
1249 1469 1364 1528 etmo·
1449 1494 1455 1500 ·

207 1562 329 1642 derari,
350 1567 387 1624 ut
407 1583 427 1624 a
445 1581 521 1628 vera
540 1570 690 1648 rectaque
711 1566 765 1628 via
784 1562 933 1628 declinet.
978 1559 1073 1642 Quod
1094 1567 1203 1624 autem
1224 1564 1363 1643 mediurn

206 1665 331 1750 posuit,
352 1662 386 1726 id
407 1683 466 1726 suo
482 1664 553 1726 iure
573 1664 665 1728 fecit:
688 1663 860 1750 significari
881 1666 965 1728 enim
986 1663 1107 1742 voluit,
1130 1684 1168 1726 eo
1192 1665 1276 1749 quod
1299 1664 1364 1732 for-

205 1773 316 1831 tunam
344 1784 389 1828 ex
409 1767 476 1830 suis
491 1765 585 1830 lactis
606 1764 670 1830 sibi
695 1768 718 1835 i,
738 1789 767 1830 e.
794 1769 828 1831 in
849 1786 941 1830 suurn
968 1763 1170 1830 commodum
1197 1763 1364 1828 conturbet

205 1871 305 1934 istum
327 1888 386 1932 suo
404 1866 578 1932 infortunio
598 1888 741 1951 peecare.
784 1865 876 1930 Illanr
900 1873 956 1930 not
957 1867 1064 1930 ionem
1086 1867 1193 1929 inesse
1214 1869 1257 1930 in
1266 1863 1363 1930 verbo

206 1961 371 2055 παράγειν
391 1967 485 2034 multi
504 1967 569 2032 loci
589 1975 710 2034 testant
711 1991 766 2048 ur,
792 1969 842 2030 uti
859 1964 953 2030 Deru.
980 1967 1020 2030 dc
1050 1965 1122 2031 fals.
1145 1965 1209 2063 leg.
1239 1971 1268 2048 5.
1291 1971 1362 2030 228.

205 2060 284 2142 ἀλλ’
306 2063 449 2157 ἕτερά
432 2087 521 2134 εστιν
548 2061 675 2156 ἑκάστῳ
697 2063 977 2159 προυργιαίτερα,
1007 2059 1072 2154 ὑφ’
1093 2055 1139 2132 ὧν
1167 2055 1364 2156 παράγεσθε

205 2164 382 2288 πολλάκις,
403 2161 511 2246 ε’λεος,
532 2165 663 2255 φθόνος
683 2194 712 2235 κ.
727 2193 797 2236 aa.
816 2166 965 2288 Leptin
981 2172 1010 2248 5.
1027 2172 1131 2252 ¹32!
1119 2192 1164 2256 μη
1188 2165 1229 2256 δὴ
1251 2192 1364 2258 παρα-

203 2265 328 2356 γόντων
346 2261 452 2353 ὑμᾶς,
476 2261 598 2358 μηδ’“
577 2293 631 2336 οτι
659 2259 836 2348 δοῦλος
808 2293 854 2334 ων
881 2293 901 2334 ο
889 2263 1075 2346 Λυκίδας
1093 2293 1153 2334 και
1144 2265 1362 2346 Διονύσιος.

204 2368 361 2434 Aristocr.
382 2373 411 2448 5.
433 2374 504 2434 191.
532 2373 684 2448 τοιοῦτος
705 2365 819 2457 λόγος,
842 2361 890 2436 δι’
904 2394 944 2435 ου
931 2356 1182 2458 προσδοκῶσι
1201 2365 1365 2458 παράξειν

187 2486 191 2494 ’
200 2463 299 2556 ὑμᾶς.
341 2467 496 2536 Similiter
517 2473 631 2536 eodem
650 2470 749 2535 verbo
771 2473 878 2536 dicunt
864 2479 916 2536 tur
938 2474 1100 2537 contusa'
1089 2474 1219 2558 ingenia
1247 2491 1266 2534 a
1296 2471 1358 2535 diis

201 2593 282 2636 vera
303 2572 357 2634 via
378 2569 557 2650 deturbari,
578 2574 710 2649 irretiri,
732 2569 862 2634 veluti
853 2592 887 2635 ιο
907 2571 1045 2655 Lycurgi
1066 2569 1181 2652 Leocr.
1208 2576 1236 2650 5.
1253 2576 1305 2635 92.
1328 2567 1364 2638 οἱ

201 2667 266 2829 γάρ
278 2665 413 2770 θεοὶ-ᾗ
427 2673 493 2737 τῶν
507 2673 663 2759 πονηρῶν
682 2661 874 2772 ἀνθρώπων
894 2667 953 2755 τὴν
972 2664 1123 2757 διάνοιαν
1144 2668 1364 2761 παράγουσιν.

287 2834 380 2902 Orat.
396 2842 425 2902 ὅ.
444 2835 525 2926 περὶ
543 2860 602 2904 του
587 2831 766 2926 ’Ἡρώδου
787 2829 910 2925 φόνου,
933 2841 962 2916 5.
977 2844 1072 2924 12η.
1087 2831 1188 2904 710.
1174 2834 1296 2930 ἔπειτα
1307 2864 1363 2906 κε-

200 2897 309 3016 λεόεις
328 2936 406 3016 τούς
426 2930 622 3015 δικαστᾶς’
601 2935 786 3020 ανωμότοις
804 2957 1042 3062 πιστευσαντας
1062 2943 1132 3040 τοῖς
1151 2943 1361 3029 μαρτυροῦσι

201 3039 310 3132 φόνου
337 3035 432 3128 δίκην
454 3040 677 3126 καταγνῶναι,
705 3028 764 3116 οὓς
790 3035 832 3104 ori
853 3029 954 3116 αότδς
965 3031 1144 3162 ηἰπίστους
1159 3039 1362 3162 κατέστησας

199 3137 387 3230 παρελθών
404 3137 482 3218 τούς
502 3138 672 3224 κειμένους
689 3134 826 3222 νόμους,
846 3137 917 3204 καὶ
939 3135 1030 3226 τόγε
1047 3163 1203 3230 χρηναι
1222 3133 1362 3221 αὐτοῖς

200 3264 267 3328 τήν.
280 3239 342 3329 σὴυ
360 3235 574 3329 παρανομίαν
585 3236 734 3330 κρείσσω
754 3239 964 3327 γενέσθαι
984 3233 1093 3308 αὐτῶν
1111 3243 1177 3307 τῶν
1197 3239 1318 3326 νόμων.

283 3407 375 3474 Ηεεε
394 3415 543 3495 cornipta
560 3429 632 3473 esse
652 3413 754 3494 patet.
794 3406 948 3476 infinitivi
961 3413 1045 3474 enirn
1064 3430 1110 3474 ex
1124 3431 1187 3498 quo
1199 3411 1361 3495 pendeant

200 3517 335 3598 nonest
355 3514 567 3596 perspicuum.
612 3507 679 3576 Sed
697 3508 804 3576 verbis
827 3515 970 3600 quamvis
991 3510 1135 3576 obscuris
1152 3511 1232 3578 haec
1250 3520 1361 3596 tamen

201 3612 294 3696 quasi
318 3608 463 3676 involuta
488 3613 649 3676 sententia
676 3613 749 3678 ess'e
772 3612 878 3678 debet.
901 3611 1103 3700 ¹Alloquitur
1123 3635 1197 3677 reus
1217 3622 1359 3682 actorem

201 3730 310 3790 suum:
331 3709 494 3796 postulas,
513 3715 633 3798 inquit,
654 3721 691 3776 ut
709 3716 830 3780 iudices
853 3714 950 3780 fidem
969 3713 1109 3780 habeant
1130 3715 1267 3782 testibus
1292 3739 1358 3782 non

86 3837 90 3852 r
198 3811 331 3890 iuratis,
359 3812 418 3876 sed
435 3811 485 3878 his
506 3819 542 3878 tu
559 3816 690 3900 insuper
709 3813 807 3880 fidem
833 3837 873 3880 eo
894 3817 1091 3897 detraxisti,
1112 3818 1197 3906 quod
1214 3817 1267 3884 vel
1286 3819 1355 3900 ipse
1396 3805 1401 3818 ¹

146 3936 148 3940 ·
199 3909 312 3996 leges
313 3919 405 3998 praet
408 3915 510 3977 eriisti
532 3936 592 3981 nee
610 3914 678 3980 ullo
702 3924 797 4002 pacto
816 3920 948 3998 curasti,
968 3917 1064 3982 vel
1040 3941 1068 3982 sr
1087 3919 1171 3984 forte
1194 3939 1248 3980 eas
1265 3936 1355 3978 usur·
1389 3938 1394 3947 ·

197 4015 301 4102 pasti,
321 4022 429 4078 tamen
451 4015 605 4096 eflbeisti,
624 4023 661 4080 ut
683 4024 740 4082 tua
758 4017 896 4116 legum
887 4022 1008 4084 rneuria
1015 3999 1265 4107 ,despicientia,
1287 4018 1355 4080 vio-

198 4111 278 4182 latio
301 4101 446 4199 superior
466 4109 544 4200 ipsis
558 4109 703 4202 legibus
696 4127 793 4184 esset.
828 4117 885 4183 Ita
905 4119 1104 4187 scribendam
1123 4113 1264 4184 videtur:
1285 4116 1355 4185 καὶ

198 4210 236 4281 ci
261 4214 478 4340 κέχρησαι
505 4209 1248 4307 αὐτοῖς,ευῐεεενε1ερεε11ἰειιίεγε,ναὶ
1267 4211 1354 4306 εἴγε

199 4302 400 4408 κέχρησαι
418 4311 575 4398 αὐτοῖς.
616 4317 742 4387 Deinde
758 4321 846 4390 verbi
861 4328 1077 4412 participium,
1101 4315 1194 4409 quale
1207 4319 1355 4432 ποιήσας
