3026 4992
553 255 612 282 -ι-
669 217 750 300 165
805 251 864 282 -ι-
989 283 1001 307 1,

130 395 219 462 boris
238 397 304 460 mei
322 393 396 459 luric
418 399 534 478 poetae
555 396 710 472 dedicat13
731 417 790 460 aec
804 400 874 481 ipsa
890 383 1023 464 materia
1041 399 1175 464 abactis
1190 401 1293 463 sceie-

8 543 9 548 ’
128 501 206 580 tatis
227 535 362 600 graecam
386 511 595 595 abhorrebat,
617 537 687 578 cum
699 522 733 578 et
752 507 853 580 multa
868 535 995 594 eorum,
1017 505 1099 602 quae
1112 539 1199 580 eram
1214 539 1289 602 pro·

129 637 292 720 posituros
302 678 312 712 ,
335 635 398 696 iarn
417 633 459 696 in‘
474 627 512 696 ea
534 655 610 697 vere
634 641 743 698 essent
754 632 832 697 olim
845 635 980 710 iactata,
1004 642 1099 718 atque
1115 643 1287 700 101100111-

128 753 282 816 mentatio
302 758 483 815 versaretur
499 755 532 816 in
551 751 609 816 teli
628 743 817 836 scriptorum
837 771 971 834 genere,
993 747 1106 835 quibus
1124 752 1284 817 illustran-

127 871 177 934 dis
195 872 293 940 etiem
317 872 437 954 primus
451 869 649 934 Hermonem
663 869 766 934 lacem
776 911 779 916 -
789 869 949 953 praetulit.
991 865 1052 932 His
1066 873 1186 934 caussis
1199 893 1284 934 com-

126 995 233 1055 motus
247 987 330 1051 bunc
345 987 593 1076 qualemcunque
608 986 751 1053 libellum
769 987 966 1052 conscribere
981 996 1015 1052 et
1027 990 1059 1050 in
1071 986 1175 1050 lucem
1191 990 1283 1050 emit·

122 1113 192 1171 tere
216 1127 279 1172 non
297 1101 455 1182 dubitavi3
487 1111 540 1194 qui
563 1129 657 1194 quarn
677 1104 884 1191 multiplicem
904 1099 1156 1191 reprehendendi
1177 1104 1282 1169 iocum

124 1229 169 1290 sit
182 1227 313 1290 daturus
322 1271 331 1304 ,
358 1247 450 1288 nemo
465 1249 517 1290 me
530 1227 645 1290 melius
661 1223 869 1290 intellexerit.
920 1220 1176 1288 conscribendae
1196 1227 1281 1288 eninr

125 1351 218 1408 erant
230 1343 291 1407 hae
305 1341 442 1408 schedae
458 1348 542 1408 intre
556 1331 893 1408 triornhebdomadum
906 1345 1053 1428 spatium,
1075 1363 1205 1428 quarum
1220 1363 1281 1428 ego

122 1468 218 1528 11111111
230 1463 482 1528 tonturnmodoa
500 1463 597 1528 sclito
608 1462 742 1527 docendi
762 1461 867 1528 officio
888 1461 1021 1526 liberam
1034 1457 1207 1548 hebebem3
1228 1483 1281 1524 ca·

122 1565 255 1650 rendum
276 1589 344 1642 erat
367 1575 510 1662 pluribus
527 1574 617 1642 libris
632 1599 734 1662 paene
751 1579 954 1658 necessariis,
976 1599 1047 1642 cum
1062 1597 1190 1655 omnes,
1212 1577 1281 1660 qui-

121 1694 181 1759 bus
198 1705 279 1780 opus
293 1703 368 1776 est,
390 1701 534 1782 proprios
548 1696 713 1782 possidere
726 1695 804 1759 mibi
819 1697 945 1782 quidem
960 1717 1023 1759 non
1039 1694 1153 1770 liceat,
1175 1691 1278 1777 publi-

121 1831 180 1878 oee
202 1822 308 1878 autem
328 1805 543 1880 bibliothecae
565 1813 738 1878 subsidium
761 1817 794 1878 in
809 1837 849 1878 ea
865 1814 961 1890 urbe,
985 1817 1018 1881 in
1036 1835 1098 1901 qua
1113 1809 1287 1889 delitesco,
1346 1795 1347 1802 ¹

120 1934 188 1998 lere
199 1935 245 2002 sit
255 1932 387 1998 nullum.
429 1932 506 1997 lude
520 1933 639 1998 fectum
653 1943 719 2015 est,
739 1943 776 1998 ut
791 1957 831 1997 ne
848 1933 1052 1998 Pacuuianum
1067 1931 1194 2018 quidem
1209 1929 1276 1994 edi-

116 2053 237 2117 tionem
259 2045 374 2116 iterum
402 2055 557 2138 inspicere
581 2053 659 2118 mihi
678 2053 810 2132 liceret,
835 2073 879 2116 ex
902 2071 964 2138 qua
985 2071 1173 2137 quamquam
1194 2069 1277 2136 quae

117 2167 306 2234 videbantur
327 2173 473 2253 graviora
495 2181 553 2236 aut
580 2170 799 2258 probabiliora
820 2193 892 2236 esse
920 2169 997 2234 olim
1019 2169 1097 2232 mihi
1116 2171 1275 2252 excerpsi,

115 2307 181 2350 non
197 2294 305 2350 tamen
326 2289 474 2358 carniae
495 2297 681 2376 monetata
703 2313 775 2353 esse
798 2297 912 2353 notatu
930 2287 1026 2370 digna
1046 2287 1270 2370 praestiterim.

116 2402 268 2490 Augebat
292 2408 399 2479 autem
429 2403 567 2468 uliares
593 2405 752 2478 scribendi
775 2405 934 2478 laborem3
968 2422 1042 2465 curn
1066 2407 1150 2467 eninr
1170 2400 1273 2466 libelli

115 2529 240 2610 partem
253 2522 318 2584 iam
332 2519 459 2590 chartae
473 2524 688 2605 mandassem,
711 2525 829 2588 allatae
841 2521 918 2586 milri
932 2529 1007 2585 sunt
1025 2529 1098 2586 ante
1112 2519 1171 2584 hos
1183 2523 1272 2607 quin-

115 2644 220 2708 decim
243 2639 312 2703 dier
332 2639 461 2710 tandem
485 2642 615 2706 annales
639 2639 967 2707 Zinrmermannianee
995 2641 1113 2704 mensis
1134 2635 1271 2701 Decem·
1366 2719 1371 2732 ι

37 2828 41 2837 ,
112 2761 179 2825 bris
199 2783 228 2824 a.
248 2761 346 2838 1837,
368 2759 481 2845 quibus
503 2783 534 2845 p.
552 2766 631 2824 1161
653 2783 720 2848 sqq.
742 2759 926 2846 Spitzueme
949 2758 1188 2824 observationes
1210 2760 1270 2821 ‹ni-
1341 2735 1350 2749 Ι

111 2881 192 2942 tices
211 2881 245 2942 in
259 2873 413 2952 Quintum
424 2880 609 2942 inserendas
626 2882 757 2943 curavit.
798 2877 846 2942 Ea
861 2887 968 2944 autem
983 2880 1185 2954 dissertatio,
1208 2895 1270 2962 qua

109 2997 166 3062 iile
188 2995 333 3060 Boudaia·
348 2994 509 3078 symbolas
531 2998 657 3060 criticas
676 3000 709 3060 in
728 2990 866 3061 oxomen
881 3002 1024 3079 vocavit,
1043 3017 1174 3062 caussae
1188 2989 1268 3056 milri

114 3123 203 3196 erat,
224 3122 262 3178 ut
291 3135 401 3176 eorum
429 3136 509 3200 quae
530 3117 719 3201 scripseram
743 3115 844 3180 multa
862 3117 1055 3194 reciderem,
1070 3105 1147 3178 'alia
1164 3115 1266 3173 mute-

110 3256 187 3298 rem.
230 3229 314 3297 Nam
345 3240 379 3295 et
407 3255 467 3317 ego
497 3238 624 3320 saepius
644 3237 877 3322 disputaveram
896 3236 1047 3299 adversus
1069 3229 1265 3299 neormam

112 3371 192 3438 quor
206 3351 297 3416 locos
314 3354 342 3416 si
358 3353 576 3433 retinuissem,
599 3355 729 3417 nimium
743 3353 820 3417 mibi
835 3355 1066 3437 arrogavissem
1088 3345 1264 3434 repetendo

111 3491 171 3550 ea,
189 3490 269 3555 quae
286 3473 349 3534 iam
366 3463 506 3552 doctius,
529 3472 653 3558 plenius
672 3480 706 3536 et
719 3475 842 3536 acutius
865 3494 885 3535 a
898 3468 1067 3555 Spitzuero
1082 3473 1190 3534 essent
1204 3483 1264 3528 ex·

100 3591 228 3677 posite.
251 3619 254 3628 ’
274 3585 384 3674 Itaque
411 3589 457 3656 ibi
482 3599 607 3656 tantum
626 3587 771 3654 Bouitsc'r'
794 3591 858 3655 feci
884 3591 1095 3665 mentionem,
1124 3583 1179 3648 ubi
1208 3589 1264 3646 aut

111 3707 192 3772 nihil
213 3708 252 3770 de
276 3727 315 3768 eo
337 3708 421 3774 dixit
440 3707 640 3794 sperauerat,
665 3717 721 3774 aut
742 3713 810 3794 ipse
840 3731 900 3795 ego
924 3718 999 3795 post
1019 3717 1186 3790 utrumque
1207 3701 1264 3764 ali·

112 3823 426 3912 quidnori'elierre
454 3829 531 3894 mihi
559 3828 699 3894 videbar.
742 3827 836 3904 Quod
865 3836 972 3893 autem
999 3827 1079 3892 locis
1106 3819 1267 3887 nonnullis

112 3943 164 4010 vel
182 3966 201 4008 a
220 3940 389 4028 Spicuero
410 3945 577 4012 dissentire
594 3971 659 4013 non
681 3946 839 4025 dubitavi,
861 3949 929 4011 eius
942 3950 989 4011 rei
1002 3945 1127 4011 confido
1139 3943 1265 4006 veniam

114 4064 174 4127 viri
198 4059 408 4126 celeberrumi
429 4072 571 4145 paratam
589 4066 666 4130 milri
692 4067 778 4147 fore,
807 4089 878 4132 cum
907 4089 1010 4154 neque
1038 4068 1107 4129 sine
1131 4063 1262 4138 caussis,

113 4179 286 4262 quaemihi
309 4181 435 4266 quidem
450 4180 814 4264 videbantur,r'sleueis‚
835 4192 869 4248 et
886 4207 1012 4270 semper
1034 4206 1105 4249 cmn
1129 4204 1168 4246 ea
1189 4201 1263 4244 con·

112 4306 164 4366 tra
190 4317 264 4368 eum
287 4301 515 4388 disputaverim
538 4303 714 4389 modestia,
749 4325 831 4392 quae
850 4306 998 4372 iuvenem
1018 4304 1112 4370 decet
1142 4302 1264 4370 studio·
1383 4309 1389 4321 ⁸
