3026 4992
518 111 881 255 '-1n-

51 425 54 433 V
149 351 223 436 ipse
244 356 403 414 structura
425 332 603 418 mandatae
631 347 711 439 περί
734 373 823 430 τινας
852 361 906 418 est
932 353 1015 439 quod
1037 352 1223 414 haereamus
1231 396 1247 428 ‚‚
1261 350 1302 414 cf.

149 453 180 528 θ.
203 455 234 512 9.
255 446 335 537 περί
354 474 390 515 τε
412 442 470 516 οὖν
489 448 614 518 τούτων
634 447 740 540 ἡδέως
761 446 801 518 dv
828 451 999 541 πυθοίμην
1027 461 1060 517 et
1081 475 1162 538 qliae
1184 451 1304 516 Schoe—

148 564 286 616 tnnnnus
314 549 366 615 de¹
382 551 520 617 dictione
545 552 732 635 θανμάζειν
759 549 955 642 περίτινσς
980 553 1113 639 aliisque
1147 551 1303 616 similibus

151 653 192 714 ad
214 653 356 715 eiusdem
377 655 530 716 orationis
554 658 583 732 ξ.
605 660 656 718 28.
676 678 708 739 p.
731 661 802 718 244.
832 657 971 734 tradidit,
992 675 1093 733 neque
1121 654 1205 740 qnod
1226 649 1305 739 περὶ

151 746 393 818 obedientiiae
417 751 501 816 dixit
520 755 709 838 reprebendi
729 777 825 842 posse
852 759 987 821 videtun
1029 753 1128 846 Recte
1150 756 1236 824 enim,
1248 753 1303 814 -di-

150 855 232 918 citur
252 853 327 917 doc
347 859 470 938 τ’μιαιιι
489 862 573 919 scire
593 857 681 936 volo,
709 880 779 920 cnm
800 859 1039 942 resoprimaria,
1060 856 1144 918 unde
1163 853 1215 917 vel
1236 876 1302 917 ma·

148 957 238 1018 xime
258 963 476 1038 cognoscetur,
497 955 635 1020 fueritne
653 979 728 1022 vere
750 959 909 1044 desponsa
928 957 1048 1042 Pyrrho
1063 954 1178 1019 molior
1193 975 1302 1031 neone,

149 1055 315 1134 all'cratur,
342 1077 433 1141 quam
458 1056 572 1120 deinde
603 1057 668 1122 alie
694 1051 798 1124 minus
827 1065 937 1146 gravia
966 1062 1139 1144 excipiunt.
1184 1053 1331 1116 Contra.

147 1157 177 1220 si
200 1149 280 1243 παρ’
304 1148 407 1221 αὐτοῦ
428 1153 548 1223 τούτου
569 1159 744 1241 scribatur,
777 1170 835 1226 est·
852 1163 936 1249 qnod
964 1161 1115 1224 offendat.
1157 1153 1301 1240 Namque

148 1264 185 1320 nt
204 1265 291 1322 recte
313 1256 374 1322 hoe
401 1258 575 1339 diceretur,
600 1259 922 1348 debebantoppositi
944 1285 1014 1327 esse
1037 1261 1093 1326 alii
1115 1259 1260 1344 quidam,
1282 1277 1302 1317 a

147 1355 263 1442 quibus
286 1357 336 1421 vel
358 1367 432 1422 ante
454 1363 632 1444 accepisset
654 1363 707 1426 vel
731 1373 806 1448 post
832 1373 942 1450 posset
963 1363 1083 1427 andire.
1125 1358 1217 1433 Quae
1245 1379 1301 1442 op-

147 1461 268 1544 positio
299 1482 371 1524 cnm
400 1459 452 1524 hic
480 1461 569 1525 nulle
602 1466 662 1543 sit,
696 1463 861 1530 dicendum
893 1474 962 1530 erat
994 1454 1180 1548 simpliciter
1208 1456 1302 1546 παρὰ
1354 1527 1361 1542 ,

145 1555 274 1630 τούτου.
303 1558 412 1635 Quane
433 1561 513 1628 mibi
532 1566 658 1650 quidem
679 1587 872 1652 magnopere
886 1570 1013 1645 arridet,
1033 1563 1116 1651 qnod
1138 1561 1212 1625 libri
1224 1582 1299 1624 mss·

31 1733 37 1740 ,
146 1661 302 1746 praebent
320 1684 448 1728 onmes:
471 1661 550 1753 περὶ
570 1657 673 1730 αὐτοῦ
692 1665 820 1732 τούτοιν.
863 1669 1018 1732 Similiter
1046 1664 1195 1730 Reislrius
1224 1658 1303 1748 περὶ

145 1766 414 1848 praepositionem
431 1768 549 1830 mutari
569 1766 718 1846 volnitb.
740 1773 770 1830 9.
792 1768 842 1831 his
864 1772 896 1832 in
916 1768 1039 1832 verbis:
1060 1759 1167 1853 ἡδέως
1186 1756 1227 1828 dv
1240 1785 1301 1826 πυ-

146 1860 290 1952 θοίμην,
314 1859 334 1930 ii
354 1889 388 1930 τι
407 1860 487 1931 πότ’
510 1857 609 1953 ἦντὸ
631 1861 817 1958 αἴτιοντοῦ
834 1869 938 1958 μηδὲν
957 1865 1083 1934 τούτων
1102 1866 1304 1952 γεγενῆσθαι

145 1963 303 2052 περὶτῆς
323 1965 479 2055 ἐγγυητῆς
499 1964 559 2053 (ὥς
579 1964 827 2056 μεμαρτύρηκεν
847 1958 960 2052 οὗτος)
982 1961 1144 2056 γυναικός,
1167 1968 1299 2045 steno.

147 2065 249 2152 δῆλον
269 2067 332 2156 γὰρ
355 2065 470 2134 ὅτι-
493 2068 590 2151 ζῶντι
611 2062 652 2135 dv
675 2072 723 2156 τῴ
741 2063 856 2158 Ἐνδίηι
884 2063 1115 2158 ἠμφισβήτησε
1137 2063 1216 2154 περὶ
1243 2066 1301 2151 τῆς

145 2162 281 2254 γνησίας
299 2169 469 2257 θνγατρὸς
487 2174 554 2238 τῶν
575 2170 749 2260 πατρῴων.
790 2173 839 2238 Ao
860 2177 965 2258 priore
987 2169 1114 2256 quidem
1139 2167 1211 2230 loco
1233 2187 1301 2228 mu·

145 2268 274 2330 tandem
296 2289 361 2332 non
382 2292 454 2333 esse
475 2276 743 2357 praepositionem
765 2293 867 2358 neque
890 2269 1076 2357 σαππαρά
1105 2289 1208 2352 neque
1230 2287 1301 2330 cnm

144 2362 231 2454 ὑπὲρ
253 2367 336 2432 beno
355 2369 473 2432 docuit
501 2371 750 2435 Schoemannns.
800 2373 914 2436 Altero
952 2379 1059 2434 etitem
1086 2371 1203 2432 nescio·
1224 2387 1301 2452 qno-

146 2467 241 2531 modo
264 2477 298 2532 et
317 2466 485 2535 Bekkerus
513 2479 555 2538 et·
575 2471 815 2536 Schoemannus
845 2480 954 2538 contra
982 2493 1093 2535 omnes
1112 2468 1212 2533 libros
1234 2469 1301 2532 edi·

145 2568 261 2633 derunt
289 2564 376 2659 ὖμὲρ
405 2575 465 2658 τῆς
492 2569 628 2663 γνησίας
660 2575 829 2663 θυγατρὸς
864 2577 930 2640 τῶν
955 2568 1130 2662 πατρῴων.
1178 2568 1301 2634 Varum
1376 2607 1379 2612 ·

145 2672 231 2736 enim
251 2662 483 2762 ἠμφισβήτησε
504 2673 583 2764 περὶ
609 2677 686 2740 τῶν
700 2677 759 2762 τῆς
779 2671 913 2764 γνησίας
939 2670 1108 2762 θυγατρὸς
1136 2667 1300 2757 πατρῴων

145 2779 233 2836 recte
251 2773 312 2836 dici
334 2795 397 2838 non
417 2797 532 2842 vereor
550 2799 591 2840 ne
611 2780 776 2862 quisquam
796 2784 911 2861 neget3
940 2767 984 2841 et,
1002 2775 1171 2840 verborum
1201 2771 1300 2836 eollo·
1339 2762 1365 2845 ‚¹

145 2876 230 2938 catio
253 2882 304 2936 est
322 2873 380 2938 illa
401 2879 528 2962 quidem
548 2879 657 2963 paullo
678 2882 792 2958 rarior,
820 2879 878 2941 sed
906 2880 1035 2942 minime
1061 2874 1212 2939 insolens.
1235 2866 1300 2958 ἇμ-
1408 2923 1410 2928 .

122 2964 320 3064 ’,φισβητεῒν
339 2983 569 3062 praepositioni
595 2977 674 3066 περὶ
696 2983 836 3044 iunctum
859 2980 976 3064 legitur
995 2987 1124 3042 nostrae
1146 2978 1299 3040 orationis
1391 3055 1392 3060 ρ

21 3161 23 3166 Ι
146 3079 174 3153 ς.
195 3079 246 3138 61.
268 3078 339 3154 τοῖς
356 3063 417 3160 μὲν
441 3075 504 3168 γὰρ
527 3119 566 3128 -
594 3072 702 3156 οὐδεὶς
729 3072 771 3144 dv
793 3077 902 3164 δήπου
932 3071 1300 3164 ἅμηισβητησεισπιρὶ
1392 3121 1393 3124 ,

145 3177 211 3240 τιῦν
231 3177 412 3265 πατρῴωνς
434 3181 474 3243 cl.
496 3183 626 3245 [socrat.
647 3179 765 3264 Paneg.
787 3184 817 3258 §r
840 3184 890 3244 71.
931 3179 1074 3242 Eandem
1096 3184 1204 3238 cirtem
1229 3197 1300 3237 ver-

145 3273 258 3340 borum
287 3279 531 3369 collocationem
559 3281 712 3346 habemus
740 3287 772 3344 in
801 3265 872 3366 ipsa
899 3283 1043 3343 oratione
1066 3285 1176 3340 nostra
1196 3281 1226 3356 ς.
1245 3281 1300 3339 43.

135 3375 237 3456 ,δοκεῖ
257 3372 297 3445 dv
315 3374 393 3464 ὑμῖν
413 3375 432 3448 ὁ
454 3381 713 3474 μεμαρτυρηκώς
732 3383 889 3468 ἐγγυῆσαι
907 3366 1092 3470 ἐπιτρέψαι
1112 3374 1204 3445 ἄντι
1224 3375 1298 3442 ταύ-

125 3545 127 3550 ,
145 3499 211 3542 των
230 3479 386 3562 γενέσθαι
405 3482 463 3549 καὶ
484 3478 545 3551 οὐκ
565 3479 606 3551 ἂν
627 3482 685 3551 ἐπὶ
710 3485 771 3550 τοῦ
798 3478 921 3570 κλήρου
940 3484 983 3568 τῇ
1009 3475 1103 3566 λήξει
1126 3471 1299 3568 ἀμφισβη-

145 3580 246 3664 τῆσαι
265 3571 320 3655 dic
347 3585 387 3648 cl.
409 3584 566 3650 Andocid.
590 3587 629 3648 de
650 3592 780 3668 myster.
806 3588 854 3664 ἐς.
880 3588 929 3646 15.
951 3588 1002 3647 34.
1026 3619 1065 3630 -
1108 3577 1159 3644 De
1181 3577 1298 3664 plurali

142 3671 291 3766 7ἷξίωσαν
323 3681 401 3750 haec
431 3687 530 3752 habet
557 3683 797 3750 Schoemannus
819 3709 850 3771 p.
872 3690 951 3748 233:
988 3681 1125 3768 „paullo
1154 3686 1229 3765 post
1254 3699 1297 3742 na

145 3803 240 3867 quem
269 3783 409 3849 offendat
441 3789 575 3873 pluralis
609 3809 774 3852 nanterus:
806 3780 1013 3853 δικάσασθαι
1040 3777 1202 3873 ἠξίωσαν,
1230 3799 1296 3843 non
1373 3831 1380 3841 ,
1409 3865 1416 3888 .

145 3883 234 3948 solus
252 3881 461 3966 Nicodemum,
488 3892 545 3954 sed
570 3913 634 3956 une
659 3911 730 3954 eum
751 3886 926 3952 Nicodemo
953 3889 1049 3950 etiam
1070 3905 1179 3963 soror,
1207 3884 1297 3946 coins

136 3984 194 4078 illi
215 4008 311 4050 cansa
333 3988 455 4070 agenda
475 3999 543 4054 erat
564 4000 620 4056 aut
639 3990 676 4075 (l)
696 3993 813 4054 sororis
831 3987 900 4052 filia
921 3989 1052 4071 eiusque
1072 3987 1203 4048 meritus
1226 3982 1296 4047 Xe·

145 4085 254 4151 nocles
276 4089 512 4172 designantur.“
527 4091 612 4158 'Non
630 4091 766 4156 arbitror
784 4089 834 4153 his
855 4093 933 4153 satis
956 4087 1119 4151 defensum
1132 4105 1296 4150 numerum

145 4187 318 4273 pluralem3
348 4191 414 4252 imo
434 4211 505 4252 cum
524 4199 558 4254 et
575 4214 672 4277 supra
693 4201 726 4258 et
745 4193 828 4256 infra
840 4235 843 4240 -
855 4193 961 4254 omnia
989 4193 1053 4252 sint
1078 4209 1207 4251 numero
1229 4189 1294 4251 sin·

144 4288 246 4375 galeri
274 4294 425 4379 exposita
455 4285 489 4358 et
515 4292 557 4356 ad
580 4291 790 4360 Nicodemum
814 4291 918 4358 solnm
947 4291 1070 4373 relata,
1097 4288 1151 4354 hic
1169 4308 1293 4373 quoque
