3044 4986
559 189 848 270 ...41-

125 369 333 434 demonstrari
359 389 424 432 non
449 370 552 452 possit
581 367 643 452 (cf.
673 374 782 432 tamen
810 367 988 434 Bernhard.
1020 366 1110 452 Synt.
1136 391 1168 455 p.
1189 369 1287 454 350),

30 497 34 506 ·
125 472 330 560 πρεσβεῦσαι
356 464 392 536 ἓν
417 465 616 555 Μακεδονίᾳ
643 481 730 534 recte
758 471 820 533 dici
849 492 923 534 eum
951 473 1005 556 qui
1035 474 1069 534 in
1096 467 1289 536 Macedonia

123 572 249 658 legatus
275 562 450 651 1ουτίι,ἰι1
483 593 547 634 non
575 569 728 634 dubitem·
744 575 819 657 quin
848 573 945 635 ctiam
975 571 1032 635 Ill.
1062 575 1131 636 145.
1156 595 1187 658 p.
1214 577 1286 636 535.

63 667 67 680 “
125 669 343 760 πρεσβεύσειν
368 671 430 753 μίν
456 665 522 760 ἔφη
550 667 660 738 ὅπου
689 666 731 738 dv
759 667 848 759 αὑτῷ
874 674 958 760 δοκῇ
986 674 1051 755 (sic
1076 671 1288 758 oeglclmnp

125 771 234 852 Mon,
256 763 359 836 ὁπότ>
381 772 496 858 cdfq,
527 768 610 839 ὅποι
631 775 715 860 edd.)
746 776 859 859 reponi
883 771 1014 836 debeat..
1052 769 1201 837 Ceterum
1222 773 1289 838 Ae«

126 871 245 938 schinis
266 893 390 959 quoque
412 895 452 937 ea
472 877 666 940 consuetudo
695 887 761 956 est,
790 887 826 938 ut
846 867 1042 962 πρεσβεύειν
1062 895 1133 936 oum
1150 897 1286 962 praepo..

126 976 239 1036 sitione
261 985 381 1037 motum
409 973 606 1060 significante
627 981 813 1062 coniungatt
848 967 1044 1063 πρεσβεύειν
1062 968 1123 1051 ἐἰς
1149 976 1287 1056 Φωκέας

124 1072 169 1162 ll²
182 1079 252 1138 134.
274 1069 322 1152 εἰς
346 1073 461 1163 Θήβας
481 1075 536 1140 lll.
554 1083 625 1142 138.
646 1073 694 1158 εἰς
714 1076 773 1166 τήν
791 1071 934 1143 Ἑλλάδα
950 1073 976 1137 l.
992 1079 1063 1138 120.
1084 1073 1194 1164 πρός
1213 1101 1287 1143 τινα
1374 1129 1376 1134 .

124 1172 341 1262 11140164.
375 1176 431 1240 lll.
448 1183 518 1242 162.
545 1176 618 1245 ἐπί
638 1178 780 1247 τιναἸΙ.
801 1183 872 1243 139.
894 1182 964 1240 142.
1015 1167 1111 1252 Quod
1130 1176 1288 1244 Benene

124 1288 159 1340 ct
179 1279 233 1361 qui
254 1299 299 1340 ex
318 1281 520 1364 eopendcnt
539 1280 684 1346 Bromius
703 1281 951 1367 Dindctfiucquc
971 1276 1027 1341 Ill.
1049 1283 1100 1342 80.
1118 1301 1152 1364 p.
1173 1283 1246 1343 471.
1268 1303 1288 1344 o

53 1419 56 1425 ι
125 1378 217 1442 codd.
245 1381 311 1443 cdl
338 1382 519 1446 ediderunt:
556 1379 592 1448 ἐν
626 1385 700 1461 ταῖς
730 1379 900 1470 μεγίσταις
928 1374 963 1448 δ’
980 1370 1065 1468 ἦσαν
1100 1375 1224 1458 ἀἰτίαις
1253 1376 1289 1448 οἳ

125 1478 283 1567 πρέσβεις
303 1477 337 1548 οἰ
353 1479 429 1570 τήν
449 1478 617 1572 εἰρήνην
639 1482 917 1572 πρεσβεύσαντες,
939 1483 1130 1568 sperandum
1148 1471 1287 1548 est'fcro

124 1594 159 1644 ut
179 1583 212 1645 in
233 1582 419 1648 melioribus
439 1584 530 1649 libris
554 1589 740 1672 reperiatur.
780 1583 866 1652 Nam
888 1598 920 1650 et
940 1598 1048 1670 aptum
1073 1595 1123 1648 est
1143 1587 1285 1669 apprimo

125 1683 246 1767 (legati
265 1690 319 1769 μα’
341 1686 502 1770 legatione
528 1708 586 1752 ειια
601 1709 716 1772 pacem
738 1689 963 1770 conciliarunt)
994 1699 1025 1750 et
1045 1707 1105 1749 usu
1126 1695 1288 1751 oratorum
1318 1747 1324 1758 ‚

123 1798 285 1870 receptum
307 1787 353 1869 (ν.
375 1787 480 1852 Rec'el.
503 1790 566 1852 ind.
589 1811 636 1874 gr.
659 1789 770 1875 Deru.)
793 1803 825 1854 et
842 1789 927 1876 quod
946 1788 1031 1852 haud
1050 1785 1145 1851 facilc
1168 1809 1188 1850 a
1209 1809 1288 1872 quo-

125 1908 219 1973 quam
247 1886 394 1972 mulgatac
422 1892 595 1975 scripturae
625 1890 826 1958 substitutum
861 1913 933 1955 esse
963 1891 1117 1954 videatur.
1174 1885 1287 1953 Nihilo

82 1997 90 2018 ⁸
122 1991 227 2052 minus
256 1989 357 2055 donec
383 1990 534 2057 meliores
560 1993 635 2058 libri
660 1997 779 2080 reperti
807 2005 915 2073 erunt,
944 1989 1107 2076 vulgatum
1128 1987 1288 2078 περὶτῆς

123 2084 254 2179 εἰρήνης
272 2096 463 2176 optimorum
481 2098 626 2164 codicum
647 2100 831 2162 auctoritate
851 2093 966 2158 fultum
986 2090 1158 2156 tenebitur:
1185 2091 1305 2176 legati,

124 2197 180 2276 φατ’
199 2193 240 2256 de
261 2197 462 2264 conciliando
482 2221 569 2285 poce
596 2205 683 2264 noa
706 2207 808 2262 erant.
854 2193 938 2259 Nam
961 2216 1025 2258 non
1045 2193 1164 2257 infecta
1183 2214 1219 2256 re
1239 2191 1288 2262 loe

123 2287 216 2376 gatos
236 2297 370 2359 rediisse
391 2311 469 2364 note
490 2313 557 2365 tum
577 2323 629 2364 res
651 2313 729 2364 erat.
771 2288 975 2384 Πρεσβεύειν
1003 2285 1112 2380 ὑπὲρ
1138 2294 1197 2378 τῆς
1219 2313 1288 2358 σω-

123 2387 240 2480 τηρίας
260 2392 317 2456 111.
334 2400 405 2459 227.
429 2398 551 2462 dicitur.
574 2419 614 2447 ·—-
635 2399 676 2462 ΙΙ.
695 2403 765 2461 100.
787 2419 819 2480 p.
836 2400 898 2457 280
913 2413 959 2479 sq.
979 2390 1214 2456 Demosthenes
1235 2415 1289 2456 co-

124 2514 193 2555 ram
212 2491 359 2579 Philippo
382 2481 506 2587 διεξῄει
523 2537 561 2546 -
580 2492 715 2586 πριύσην
734 2497 796 2582 μὲν
816 2492 875 2582 τήν
896 2488 939 2560 ἓν
960 2494 1015 2580 τῷ·
1025 2487 1222 2580 ψηφίσματι
1240 2495 1304 2580 τῷ,

128 2592 355 2684 Φιλοκράτους
367 2592 580 2688 συνηγορίαν,
601 2584 658 2665 ὅτε
670 2593 788 2688 ἔφευγε
802 2588 1007 2684 παρανόμων
1018 2591 1141 2672 ε’ξείναι
1153 2588 1289 2684 γράψας

65 2697 67 2700 ’
127 2691 290 2782 Φιλίππῳ
318 2696 475 2787 πρέσβεις
504 2698 591 2790 πρὸς
618 2692 818 2788 Ἀθηναίους
848 2692 935 2786 ὑπὲρ
968 2689 1098 2782 εἰρήνης
1131 2693 1288 2778 πέμπειν.

122 2795 196 2861 Ηοο
217 2799 291 2884 quid
314 2803 355 2862 sit
375 2823 470 2867 neruo
492 2804 591 2882 dixit,
622 2823 725 2887 neque
748 2801 920 2886 quisquam
941 2796 1135 2879 Hieronymo
1157 2795 1288 2878 Wolfio,

123 2901 178 2983 qui
206 2904 475 2986 praepositionem
502 2902 537 2971 ἐν
558 2904 628 2969 tolli
646 2907 803 2983 iusserat,
833 2903 996 2988 expressis
1025 2896 1133 2961 verbis
1155 2909 1210 2962 aut
1230 2896 1289 2962 ob-

122 2997 247 3065 locutus
276 3014 325 3065 est
353 3016 410 3067 aut
435 3010 591 3087 assensit,
625 3017 848 3092 praeterquam
878 3003 963 3091 quod
997 2993 1175 3080 Baetem,
1213 3001 1290 3066 dum

125 3106 337 3168 coniecturam
367 3110 489 3192 egregii
523 3110 583 3173 viri
616 3118 860 3186 commemorat,
901 3117 933 3168 et
960 3098 1184 3187 comprobasse
1217 3122 1289 3166 eam

122 3204 256 3267 videtur.
298 3203 404 3292 Atque
425 3208 641 3274 dubium-non
663 3220 711 3272 est
731 3211 805 3293 quin
823 3204 1001 3272 Aeschines
1022 3201 1084 3266 hoc
1105 3200 1177 3265 loco
1192 3201 1288 3266 foede

124 3306 251 3370 vitiatus
278 3305 442 3373 habeatur.
497 3308 581 3376 Nam
614 3309 833 3374 defensionem
859 3305 1021 3393 plebisciti
1046 3325 1133 3390 ¹quae
1160 3303 1288 3388 quidem

125 3424 189 3467 non
211 3419 243 3469 et
267 3409 339 3493 ipsa
366 3408 535 3494 plebiscito
557 3411 633 3490 fiat,
665 3433 729 3476 non
750 3408 810 3497 τήν
835 3407 878 3476 ἐν
905 3410 953 3494 τῷ
973 3399 1170 3497 ψηφίσματι
1190 3423 1289 3492 συνη-

124 3498 257 3591 γορίαν,
287 3511 344 3575 sed
371 3525 426 3576 sut
451 3510 512 3602 τήν
539 3515 600 3582 τοῦ
624 3508 846 3602 ψηφίσματος
865 3503 1063 3596 συνηγορίαν
1087 3515 1141 3568 aut
1161 3500 1221 3590 τήν
1241 3504 1290 3590 τῷ

125 3600 322 3694 ψηφίσματι
339 3612 537 3704 συνηγορίαν
558 3617 621 3680 dici
641 3615 791 3679 debuisse
808 3607 1020 3698 inpropatulo
1042 3618 1100 3670 est.
1135 3604 1179 3669 At
1193 3606 1288 3685 enirn,

125 3709 189 3770 nisi
210 3714 363 3793 memoria
382 3738 433 3780 me
455 3716 555 3799 fallit,
587 3716 765 3782 Aeschines
794 3715 921 3801 quidem
942 3711 1081 3776 dativum
1104 3729 1122 3771 e
1144 3704 1290 3770 substan·

125 3809 191 3872 tivo
214 3821 322 3894 aptum
343 3816 388 3879 ita
407 3825 543 3903 sprevit,
571 3832 606 3883 ut
633 3815 693 3908 τήν
721 3818 769 3904 τῷ
789 3809 985 3904 ψηφίσματι
1004 3802 1202 3898 συνηγορίαν
1222 3806 1289 3872 Ae·

9 3939 10 3942 ¹
126 3909 290 3984 schineum
307 3935 378 3978 esse
396 3919 533 4008 ferrique
551 3943 647 4007 posse
663 3939 863 4003 summopere
881 3934 1014 3998 negem3
1037 3909 1289 3974 alteramautem

126 4015 283 4080 rationem
309 4037 391 4102 quae
419 4021 588 4088 violentior
609 4035 657 4088 est
677 4041 771 4084 nemo
793 4039 888 4082 sanus
910 4037 975 4080 non
994 4009 1183 4098 repudiabit.
1223 4007 1289 4074 lta-

127 4137 188 4200 quo
210 4119 302 4183 tertia
323 4121 375 4184 via
394 4131 538 4188 tentator.
581 4122 618 4187 ln
639 4120 801 4188 codicibus
820 4119 936 4205 legitur
954 4109 1028 4182 τού
1051 4108 1288 4198 Φιλοκράτους,

127 4217 211 4301 quod
239 4217 397 4287 merem
421 4217 551 4308 propter
567 4246 664 4289 unum
682 4229 698 4288 ι’
716 4223 863 4288 mutavit:
893 4221 1033 4306 genitivo
1054 4210 1180 4278 articuli
1198 4213 1291 4278 resti·

128 4329 198 4382 tuto
218 4320 315 4388 verba
337 4323 372 4392 ἐν
392 4347 440 4414 ιφ
460 4317 655 4414 ψηφίσματι
673 4327 855 4405 eiiciamus,
885 4345 967 4410 quae
996 4314 1096 4387 verba
1122 4333 1218 4399 super
1238 4334 1323 4390 vve-
