3026 4992
638 211 961 303 *trs-

222 401 299 467 eru·
313 393 392 462 baec
412 413 508 459 nosse
527 391 801 481 indicatis-atqua
832 391 883 460 ab·
902 393 953 462 lris
982 395 1063 480 ipsis
1089 396 1209 482 agniti,
1229 397 1385 480 exceptis
1490 431 1491 484 i

220 499 398 581 iniuriis,
417 495 466 566 ,de
496 515 628 580 quoram
645 497 714 560 iure
734 497 768 560 ia
781 494 1028 582 ,benepateraa
1054 496 1141 560 nulla
1161 503 1290 579 poterat
1309 517 1383 560 mo·

222 600 290 664 ueri
312 595 480 673 dubitatio,
498 597 563 684 ista
583 598 709 660 actione
729 595 910 665 utebantur.
938 597 1098 684 'Denique
1113 601 1149 662 'si
1167 619 1271 683 neque
1285 596 1384 672 heres

223 699 397 783 epidicasia
415 717 491 762 usus
520 703 589 764 erat
610 719 713 782 neque
735 698 817 762 alius
840 702 1022 784 quisquam,
1050 691 1138 764 nulla
1158 706 1286 784 poterat
1308 719 1384 762 esse

110 861 114 879 ,
224 801 265 864 de
283 796 470 872 berediiate
501 798 711 886 disceptatio,
741 799 847 865 nullus
871 802 969 884 igitur
999 799 1101 866 locusv
1123 799 1298 880 iudicibus,
1326 803 1384 885 qui

224 903 383 970 nescirent
415 900 467 964 cai
504 897 683 982 tribuerent
704 900 937 969 hereditatem.
952 941 968 970 ,Δ
989 899 1293 998 Possidabateuim
1327 904 1384 987 qui

225 1004 410 1086 arripuerat.
454 995 581 1074 Quodsi
609 1001 807 1088 colligimur,
839 1023 921 1090 qaae
942 1003 1045 1074 ¹modo
1067 1025 1086 1066 a
1105 1025 1156 1068 me
1185 1012 1261 1068 suut
1279 1025 1384 1088 expo·

117 1117 120 1125 ’
225 1106 300 1181 situ,
319 1101 382 1169 hoe
410 1099 547 1192 arbitror
575 1103 725 1170 effectum
747 1125 840 1186 esse,
871 1111 907 1168 ut
928 1125 992 1168 aon
1006 1107 1119 1194 possit
1148 1103 1286 1172 dubitari
1307 1108 1391 1192 quius

224 1225 337 1290 parum
356 1212 557 1288 perspectam
577 1209 698 1270 amicus
718 1207 818 1269 totius
839 1204 904 1270 loci
927 1209 1085 1270 rationem
1112 1204 1270 1272 habuerit.
1384 1261 1389 1268 .

261 1363 264 1370 ,
309 1301 432 1367 Neuter
452 1307 550 1390 igitur
582 1330 653 1372 cum
675 1311 722 1372 sio
747 1306 855 1374 locum
876 1308 1019 1372 videatur
1040 1315 1216 1388 tractasse,
1243 1315 1278 1372 ut
1305 1308 1387 1377 nibil

226 1403 342 1490 reliqui
364 1405 476 1470 fecerit
502 1405 729 1490 dubitationis,
763 1432 823 1495 age
843 1409 1009 1474 videamus
1032 1411 1188 1494 primum,
1216 1411 1291 1496 quid
1314 1411 1386 1480 lere

227 1509 337 1574 tuerit<
358 1508 536 1576 dicendum.
590 1506 686 1585 erod
719 1511 749 1574 si
783 1511 881 1574 fucrit
905 1512 1084 1590 inventum,
1120 1519 1322 1578 revertamur,
1340 1512 1388 1594 ,ad

220 1607 326 1674 'verba
347 1631 427 1694 quae
448 1613 555 1694 posita
575 1617 650 1674 sant
668 1612 702 1674 ia
722 1609 813 1675 libris
834 1633 929 1692 mss,
942 1633 1043 1698 eaque
1054 1611 1233 1676 videbimus
1247 1616 1388 1699 possint-

228 1725 270 1776 nc¹
291 1711 325 1774 id
343 1710 428 1796 quod
447 1714 628 1796 quaerimus
649 1709 861 1798 siguificare.⁴
890 1735 891 1742 ¹
926 1745 929 1752 ,
1024 1769 1026 1772 .
1367 1717 1372 1722 ’

282 1825 284 1834 “
312 1809 450 1876 Heredis
476 1813 573 1897 igitur
597 1817 711 1901 petitio
733 1810 878 1902 ’(λῆξις),
910 1815 1057 1899 ascriptis
1086 1812 1199 1900 quibus
1224 1821 1389 1897 peteretur

230 1911 390 1976 hereditas
411 1912 602 1995 nominibus,
625 1919 775 2002 exposita
796 1923 847 1980 est
866 1919 901 1982 in
922 1913 1034 1980 tabula
1056 1922 1089 1979 et
1109 1917 1242 1980 recitata
1260 1920 1293 1981 in
1313 1941 1389 1983 cou-

230 2016 322 2078 oionc
343 2012 463 2098 populi,
480 2037 566 2096 quae
581 2019 690 2102 prima
711 2023 782 2082 erat
806 2026 976 2104 postquam
994 2019 1159 2102 petitionis
1182 2011 1311 2082 libellus
1333 2022 1388 2084 de-

231 2116 317 2180 latus
342 2125 429 2196 erat,
450 2117 591 2203 denique
617 2141 638 2182 a
658 2141 817 2205 praecone
847 2119 899 2187 dia
926 2121 1100 2184 constituta
1125 2119 1390 2204 pronuntiabatur

230 2217 369 2284 forruula
389 2221 467 2282 ista:
491 2211 527 2282 εἴ
541 2241 593 2296 τις
608 2211 834 2309 ’ἀμφισβητεῖν
853 2212 877 2306 ἢ
898 2213 1214 2309 παρακαταβάλλειν
1232 2213 1390 2304 {ludicrae

193 2380 194 2384 ,
232 2343 261 2384 κ.
283 2343 311 2385 τ.
325 2319 363 2384 l.
406 2318 479 2394 Quo
501 2342 620 2408 quaeso
643 2321 722 2387 haec
744 2324 893 2388 instituta
914 2327 1006 2385 erant
1026 2319 1182 2384 oonsiliol
1225 2320 1297 2397 Quo
1319 2333 1389 2391 ten·
1458 2406 1461 2416 1

233 2421 371 2487 debantl
412 2419 479 2502 Eo,
515 2423 560 2488 ni
584 2422 692 2504 fallor,
724 2431 761 2488 ut
774 2423 838 2488 'res
864 2445 958 2512 quam
993 2421 1137 2509 plurimis
1165 2421 1389 2492 innotesceret.

234 2521 320 2597 Quid
341 2522 421 2588 hoel
462 2521 508 2608 Ut
530 2547 651 2606 omnes,
672 2547 812 2610 quorum¹
825 2548 878 2590 res
898 2526 1155 2613 videreturagi,
1177 2520 1239 2588 sibi
1259 2539 1390 2607 possent

232 2626 414 2709 prospicere
450 2632 546 2710 atque
584 2626 776 2694 contendere
810 2647 883 2694 cunr
920 2628 1077 2706 petitore,
1108 2628 1290 2714 priusquam
1331 2631 1388 2696 ille
1435 2673 1441 2685 .

479 2758 482 2768 ¹
569 2761 572 2776 Ι
659 2771 662 2778 ι

293 2906 359 2944 uon
377 2871 551 2958 ‹impaqrvplu
570 2886 620 2939 sed
640 2887 717 2940 iusta
740 2869 907 2940 defensione
929 2861 1070 2958 repellere
1091 2885 1261 2958 studerent,-
1278 2890 1308 2944 id
1326 2893 1389 2948 sine

303 2977 390 3029 dubio
408 2975 514 3042 iactum
533 2979 587 3036 est,
608 2971 683 3042 quod
701 2971 836 3041 quasdam
857 2972 892 3026 ob
910 2989 1026 3027 caussae
1043 2977 1195 3042 relicinus
1215 2979 1390 3036 confiderent

302 3063 389 3120 rebus
408 3063 483 3124 suis,
502 3061 549 3113 vel
567 3059 651 3130 quod,
670 3059 727 3112 nisi
741 3075 792 3118 ,res
811 3065 875 3112 erat
890 3062 961 3112 satis
978 3064 1112 3130 cognita,
1131 3064 1389 3133 διαμαρτυριαςιιειι

302 3150 471 3203 uiderentur
486 3148 596 3200 animos
614 3145 740 3198 iudicum
758 3160 775 3196 a
792 3160 823 3198 se
839 3146 1002 3198 abalienare
1020 3150 1126 3214 potius,
1150 3155 1182 3201 ut
1198 3149 1284 3204 facile
1301 3153 1392 3206 conii-

246 3275 249 3282 ,
303 3238 364 3289 cias
382 3251 420 3288 ex
436 3226 508 3289 orat.
525 3233 560 3284 de
578 3231 709 3300 Apollod.
729 3230 824 3296 bared.
843 3234 869 3300 ξ.
885 3233 912 3294 3,
931 3233 981 3292 ubi
998 3233 1083 3286 dicits
1099 3232 1147 3304 tyri
1167 3234 1194 3288 δ’
1209 3239 1235 3290 rt
1248 3237 1391 3309 μὲιὲιὶρων

303 3319 495 3392 intruditur
526 3317 741 3382 ιὶιιαιῖιχαμένιιας4
761 3315 809 3373 τὰς
826 3317 1021 3389 ,διαμαρτυρίας
1045 3319 1061 3386 ἢ
1082 3317 1130 3378 τὰς
1154 3320 1331 3389 εὖθυδιιιίαι,
1345 3324 1395 3378 κᾶν

302 3409 436 3479 μάρτυρας
456 3397 641 3476 προύβαλόμην
656 3398 695 3471 μὴ
711 3403 824 3456 ἐπίδικον
845 3404 909 3456 εἶναι
927 3401 973 3456 τὸν
990 3405 1094 3475 κλῆρον,
1116 3403 1151 3463 ὥς
1170 3414 1345 3478 ποιησαμένῳ
1361 3431 1392 3480 με

291 3491 361 3549 ὐἱὸν
371 3488 568 3560 Ἀπολλοδώρου
581 3487 646 3540 κατὰ
665 3489 726 3548 τοὺς
737 3487 840 3558 νόμους.
875 3488 997 3546 Endiunr
1017 3505 1085 3542 vero
1105 3490 1180 3558 quod
1197 3495 1393 3559 probatactor

305 3579 341 3632 de
360 3575 462 3646 Pyrrh.
479 3575 579 3630 bared.
595 3575 756 3626 instituisse
776 3576 950 3640 ἐπιδικασίαν,
967 3573 1025 3626 tuit
1040 3576 1066 3626 is
1083 3575 1197 3643 quidem
1216 3575 1291 3633 houd
1309 3581 1394 3636 dubie

305 3662 445 3728 διαθήκαις
459 3664 617 3726 εἰσποίητος,
637 3661 809 3728 quippequi
827 3659 938 3712 dicatur
955 3663 981 3729 §-
1000 3663 1023 3714 1,
1041 3659 1228 3716 hereditatem
1247 3681 1334 3720 aornos
1352 3670 1392 3719 vi.

304 3749 379 3818 giuti
400 3747 456 3804 duo
484 3748 625 3806 tenuisse,
647 3761 712 3797 oum
738 3740 835 3813 paullo
863 3745 946 3798 inira.
961 3747 1022 3812 ipse
1044 3744 1170 3813 Pyrrhus
1191 3750 1302 3806 dicotur·
1326 3751 1390 3816 plus

304 3835 408 3902 uiginti
433 3847 521 3890 annos
539 3841 668 3896 niortuqs
687 3848 760 3884 esse.
792 3832 891 3898 ltaque
910 3846 966 3882 non
985 3830 1112 3898 dubitavi
1127 3837 1193 3904 quin
1215 3853 1263 3891 cos
1282 3835 1331 3904 qui
1347 3848 1390 3884 ra-

306 3923 385 3974 tione
405 3919 439 3972 ab
457 3919 494 3972 ls.
514 3917 574 3976 vn.
592 3921 617 3985 ξ.
635 3921 658 3973 l.
671 3917 822 3986 descripta
840 3923 936 3968 essent
954 3915 1085 3986 adoptati
1103 3923 1254 3978 eximerem
1276 3933 1393 3974 irruituro

308 4019 496 4074 eorumquae
519 4003 900 4072 iurdrudiroducsoportebat.
934 4000 999 4072 Sed,
1014 4003 1120 4057 licebat
1143 4014 1236 4058 tomen
1261 4010 1291 4057 et
1313 4004 1394 4072 ipsiS,

310 4090 604 4159 siselleatquidem,
621 4091 808 4145 istafaotione
827 4087 884 4150 uti;
910 4094 939 4146 et
957 4095 1023 4140 suut
1045 4092 1091 4142 usi
1107 4103 1212 4150 revera,
1234 4090 1282 4142 ubi
1299 4091 1329 4141 id
1350 4105 1393 4142 ra-

307 4179 434 4231 tionibus
450 4179 509 4228 suis
527 4178 618 4244 magis
637 4171 945 4244 putoreutconduccre.
969 4176 1010 4226 cf.
1028 4163 1254 4230 etiamschuenr.
1268 4192 1391 4243 prooem.

308 4267 439 4320 adorat.
458 4263 492 4314 dc
514 4263 636 4316 Meneni.
662 4261 756 4320 hored.
784 4277 809 4328 p.
831 4261 879 4313 197
900 4263 936 4326 t).
969 4263 1072 4316 ador.
1097 4259 1130 4313 de
1149 4257 1274 4330 Astyph.
1292 4261 1395 4341 dpered.

172 4384 176 4392 ·
262 4347 288 4401 ¹·
311 4344 1057 4424 p.sos..cu.cu„.i‹1cciruitu-cn.inq-coquaaut.¹
1117 4407 1121 4414 ,
1155 4402 1160 4414 ,
