3044 4986
151 1249 269 1385 Quod
284 1298 418 1380 primum
438 1305 487 1358 est
506 1314 526 1358 a
546 1291 661 1357 Carula
681 1289 826 1358 soterum
843 1291 935 1356 docte
952 1301 1159 1375 accurateque
1179 1289 1308 1354 demon·

151 1410 304 1476 stratum,
331 1395 420 1460 Iutta.
440 1395 613 1460 Rectorem
637 1397 670 1458 in
692 1393 894 1458 recensendis
921 1390 1094 1456 Aeschinis
1113 1388 1308 1454 orationihus
1344 1387 1349 1410 '

150 1523 214 1564 non
231 1497 348 1584 ubique
367 1519 406 1561 aa
426 1519 488 1584 qua
506 1519 565 1582 par
586 1508 663 1558 erat'
676 1493 741 1559 fide
761 1506 793 1558 et
810 1492 965 1577 religione
985 1490 1026 1554 ab
1042 1493 1169 1575 optimis
1181 1493 1307 1555 stetisse

150 1598 330 1679 codicibus,
366 1599 405 1662 id
426 1597 521 1684 quale
549 1609 581 1660 et
610 1606 758 1681 quantum
786 1595 831 1670 sitv
849 1595 988 1658 nondum
1013 1596 1090 1657 satis
1114 1592 1308 1656 intellectum
1375 1662 1377 1670 ,

150 1703 274 1765 videtur
296 1719 377 1764 esse.
419 1697 503 1763 Nam
520 1699 644 1762 etiamsi
660 1694 812 1760 nonnulla
826 1717 901 1782 spes
924 1698 982 1775 sit,
1005 1702 1086 1759 inter
1106 1716 1163 1758 cos
1182 1695 1309 1760 codices
1379 1759 1381 1766 χ

150 1801 320 1884 Aeschinis
345 1800 560 1888 qainondam
580 1800 714 1884 inspecti
732 1810 785 1866 aut
807 1798 848 1862 ad
870 1796 1099 1861 emendandum
1115 1808 1238 1861 textum
1253 1799 1308 1862 ad·

151 1902 242 1966 hihiti
268 1913 341 1966 sunt
359 1913 518 1986 repertum
541 1903 580 1963 iri
603 1902 656 1987 qui
674 1898 726 1964 his
743 1921 823 1987 quos
837 1921 920 1964 nuuc
937 1900 1072 1984 optimos
1085 1895 1258 1978 habemus,
1279 1902 1308 1962 si

151 2025 215 2067 non
236 2015 414 2089 praestent,
451 2014 586 2091 atcerte
603 2004 648 2066 ita
674 2023 711 2066 se
733 2003 929 2088 adaequent,
960 2011 996 2062 ut
1018 2001 1309 2064 straetuctoritatis

150 2105 334 2172 accessione
358 2105 443 2168 iacta
466 2104 603 2168 solidum
623 2106 907 2191 inconcussumque
927 2100 1060 2164 reddant
1080 2099 1310 2166 emendationis

150 2205 408 2269 fundamentum:
431 2217 537 2269 tamen
552 2205 626 2268 dum
642 2203 691 2268 illi
706 2205 833 2270 codices
847 2208 881 2268 in
895 2200 1158 2266 bibliothecarum
1178 2199 1309 2264 latebris

152 2305 329 2369 absconditi
351 2307 509 2384 iacerent,
532 2317 587 2368 aut
608 2326 671 2369 non
689 2308 808 2388 suscipi
828 2305 1047 2369 recensionem
1070 2299 1239 2364 Aeschinis
1256 2314 1310 2364 aut

153 2404 340 2470 collatorum
366 2403 510 2467 codicum
540 2405 580 2465 iis
608 2405 663 2489 qui
690 2406 802 2488 optimi
831 2415 903 2466 sunt
924 2402 1074 2486 religiose
1099 2385 1310 2486 obtemperari

152 2506 301 2590 oportuit.
341 2499 417 2566 Non
430 2505 474 2566 ita
488 2503 615 2591 quidem
629 2503 803 2585 Bekkems,
825 2507 879 2590 qui
890 2516 1058 2590 postquam
1070 2504 1103 2566 in
1120 2493 1311 2567 Tirrraroirea

151 2619 272 2671 rectam
296 2603 484 2671 emendandi
507 2607 589 2668 viam
610 2608 726 2685 tenuit,
755 2608 789 2669 in
810 2603 941 2690 reliquis
968 2603 1089 2669 duabus
1115 2604 1310 2668 orationihus
1370 2652 1375 2664 .

151 2722 217 2772 tam
228 2727 340 2792 parum
352 2703 414 2768 sibi
428 2708 579 2786 constitit,
594 2719 629 2769 ut
644 2709 755 2792 quavis
768 2706 837 2770 fere
849 2705 1055 2791 paginahaud
1065 2704 1311 2790 serueloptimo·

153 2831 226 2874 rum
245 2810 432 2891 scripturam
446 2807 590 2871 codicum
605 2804 971 2893 postpositam‘offeudus
988 2809 1188 2892 incertusque
1203 2808 1311 2871 iudicii
1400 2835 1402 2839 ·

151 2922 206 2974 aut
218 2906 423 2972 mirabundus
439 2909 514 2993 quid
532 2929 664 2972 caussae
680 2910 722 2972 sit
735 2908 886 3002 haereas,
909 2909 984 2974 dum
995 2908 1086 2972 ilium
1099 2891 1313 2992 praeiudicata

151 3011 287 3098 quadum
305 3029 518 3094 perversaque
538 3008 683 3072 codicum
702 3011 921 3075 aestimatione
939 3009 1244 3096 irupeditum'fuisse
1264 3011 1312 3071 in·
1384 3075 1406 3092 ,Ι

150 3111 329 3176 tellexaris.
351 3117 354 3126 '
370 3107 547 3172 Ridiculum
564 3110 624 3187 sit,
644 3111 672 3172 si
692 3106 862 3196 quidquarh
880 3112 1056 3174 demeritis
1072 3107 1218 3172 laudibus
1235 3112 1313 3174 tanti

153 3215 252 3278 critici
266 3212 440 3276 deuectum
449 3208 563 3288 veiim,
585 3213 675 3274 ouius
691 3233 808 3296 operae
824 3225 857 3276 et
869 3211 973 3275 labori
984 3210 1017 3274 id
1031 3213 1136 3294 ipsum
1150 3208 1313 3291 debemus,

154 3329 188 3378 ut
203 3317 242 3380 de
263 3310 426 3379 codicibus
439 3308 607 3374 Aeschinis
620 3310 730 3395 paullo
746 3316 863 3377 rectius
879 3314 1018 3376 iudicare
1030 3331 1127 3396 posse
1141 3311 1312 3376 videamur.

154 3413 206 3478 De
221 3412 384 3480 codicibus
404 3405 508 3500 enim,
530 3411 703 3498 dequibus
723 3416 756 3478 in
777 3413 889 3478 libello
911 3411 1100 3477 scholastico
1118 3412 1179 3477 hoc
1191 3435 1274 3476 anno
1293 3437 1314 3477 a

154 3537 207 3579 me
223 3515 306 3580 edito
321 3513 413 3600 plura
423 3512 609 3599 dictasunt,
631 3516 676 3578 ita
689 3536 760 3580 oum
777 3513 923 3581 Setetto
936 3515 1116 3593 consentio,
1137 3526 1172 3576 ut
1188 3514 1314 3578 codices
1403 3581 1406 3588 ,

153 3613 283 3699 ohgrs,
303 3613 415 3700 quibus
435 3616 468 3678 iu
490 3611 681 3684 Timarchea
701 3637 719 3680 r
736 3607 898 3701 (Locker.)
915 3629 947 3680 et
961 3638 980 3680 a
995 3615 1142 3700 (flava),
1163 3618 1196 3678 in
1210 3613 1313 3680 Ctesi-

153 3714 294 3803 phontea
307 3735 329 3778 ιι
343 3718 511 3798 accedant,
532 3716 821 3803 praestantissimos
836 3741 907 3782 esse
920 3730 1044 3802 putenm
1074 3717 1114 3780 ad
1130 3715 1190 3779 hos
1203 3720 1314 3800 proxi-

154 3841 206 3883 me
239 3815 392 3884 accedunt
419 3817 490 3900 dflt
518 3842 591 3884 cum
606 3818 868 3885 ,Helmstadiensi
889 3821 967 3906 (p),
995 3816 1167 3882 Meadiano
1201 3819 1251 3902 (q)
1282 3832 1314 3883 et

155 3914 399 3980 Vindobouensi
409 3920 479 4003 (e);
498 3923 657 4006 pessimae
670 3934 765 3985 notae
778 3935 851 3986 sunt
863 3923 968 3986 oeikl
979 3941 1051 3984 eum
1064 3918 1239 3983 Harleiano
1250 3921 1313 4002 (a).

153 4013 277 4082 Horum
299 4017 395 4100 igitur
413 4022 556 4087 codicum
581 4045 739 4109 eosquos
758 4026 860 4108 primo
880 4021 953 4085 loco
972 4021 1135 4084 nominavi
1151 4041 1248 4105 saepe
1265 4023 1315 4083 in·

154 4121 236 4186 iuria
258 4140 279 4182 a
299 4115 440 4184 Reddere
454 4127 650 4208 postpositos
663 4147 734 4188 esse
752 4123 911 4208 exemplis
929 4120 1118 4210 quibusdam
1137 4122 1313 4185 ostendam.

155 4218 261 4306 Atque
277 4221 415 4304 primum
438 4225 563 4308 quidem
586 4225 882 4292 satisluculeatum
907 4222 1091 4310 exemplum
1116 4241 1314 4307 expromam,

157 4343 220 4408 quo
239 4319 333 4386 simul
346 4336 515 4409 appareat,
532 4347 625 4412 quam
639 4349 703 4394 non
721 4327 792 4394 leva
808 4325 924 4393 debeat
937 4324 998 4390 hoo
1008 4345 1109 4410 genus
1122 4311 1313 4390 *emendandi
1374 4369 1381 4378 .
