3030 5002
570 221 647 299 ...-
687 171 778 257 231*
829 223 890 242 ..-

144 357 264 442 poterit
284 349 340 418 illc
360 373 471 418 versus
493 353 650 438 explicari
670 351 734 418 ulio
757 355 871 436 modo,
892 357 939 420 ita
967 361 1005 420 'ut
1032 335 1222 422 ar'thibeaun
1239 359 1302 428 vll.

145 451 802 577 MQQQMMWQQ:

206 551 285 624 0555
305 557 366 640 μὲν
388 551 465 620 οὐδὲ·
486 549 557 619 τότ
576 549 668 622 ἔσκεν
689 547 768 676 άτερ
789 559 942 644 κρυεροῖο
964 555 1093 636 πόνοιο,

149 735 153 744 ⁸
209 649 326 724 άλλΗ
312 650 379 746 άρα
405 649 811 746 Τρτῦαςὲνατρενάφ’
833 653 994 746 λ’·ρκεος
1025 652 1114 725 o‘55'
1136 659 1298 800 ἐφέβοντο

206 752 409 842 βαλλόμενοι
425 756 636 875 καθύπερθε.

141 859 174 924 ls
196 863 297 940 enim,
325 862 442 924 stans
435 881 466 922 m
489 859 570 922 muri
597 859 718 923 navalis
746 859 1007 945 propugnaculis,
1036 858 1112 922 ielis
1138 858 1296 927 Troianos
1331 920 1333 930 .

141 965 298 1024 irruentes
326 963 508 1044 prosternit.
551 958 662 1045 Itaque
697 960 795 1024 verba
825 960 898 1040 illa,
933 956 1091 1049 Τρῶας
1077 958 1206 1050 ε’ναυρεν
1235 955 1294 1050 άφ
1337 976 1343 992 ’

143 1059 275 1151 ἕρκεος,
297 1055 381 1126 iclem
403 1061 600 1146 significant,
622 1064 706 1148 quod
727 1059 846 1128 ibidem
865 1086 895 1127 v.
918 1069 979 1126 144
999 1077 1066 1149 sqq.
1089 1065 1129 1127 de
1151 1063 1298 1130 omnibus

142 1161 273 1230 Graecis
293 1165 411 1228 dictum
431 1170 516 1226 erat:

430 1289 465 1330 οι
460 1257 520 1329 5
544 1255 748 1351 555qreeov'
726 1256 792 1352 oup²
814 1259 928 1353 ἕρκεος
949 1258 1116 1330 αλπετνοῖο

305 1363 483 1449 δυσμενέας
503 1361 681 1449 βάλλοντες
700 1357 849 1455 άντηροϊς
868 1359 1020 1448 nemrot

302 1471 426 1532 nociaco
444 1465 698 1554 ἐπασσυτέρους.

137 1569 189 1634 lta
209 1571 375 1655 quominus
397 1570 494 1631 etiam
513 1575 656 1631 nostrum
680 1567 787 1632 locum
806 1566 1022 1650 explicemus,
1044 1566 1175 1631 obstant
1195 1565 1295 1632 verba

139 1666 210 1737 άπὸ
233 1667 372 1756 πάτρης.
415 1666 614 1754 Quamquam
638 1671 722 1732 enim
750 1669 926 1758 noiopqet
954 1666 1074 1757 πατρὶς
1095 1673 1291 1749 saepissume

137 1795 201 1836 non
224 1781 357 1848 terram,
386 1769 444 1832 sed
465 1767 570 1832 urbem
585 1775 727 1852 patrnam
754 1772 887 1835 denotat
909 1772 992 1856 (rid.
1018 1769 1231 1878 Werniffeiem
1251 1771 1293 1834 ad
1358 1757 1363 1762 ’

137 1873 257 1958 Tryph.
270 1896 300 1958 p
316 1875 387 1935 371.
407 1877 440 1933 et
454 1870 558 1953 496)
586 1879 693 1934 tamen
710 1874 827 1937 nudum
842 1873 904 1938 hoc
922 1871 1110 1937 vocabulum
1134 1895 1293 1959 nunqnam
1409 1943 1413 1962 .

137 1978 183 2039 ita
197 1977 272 2056 poni
289 1975 612 2060 potuit,uttantum
631 1972 851 2059 intelligantur
872 1977 953 2038 muri
973 1983 1155 2061 turresque,
1178 1972 1292 2058 quibus

7 2141 13 2146 ,
137 2075 283 2141 urbst
227 2082 283 2160 pat
284 2096 359 2137 erna
374 2075 476 2138 cincta
498 2082 557 2138 est.
598 2071 666 2138 Iam
685 2077 776 2158 vide,
799 2098 859 2162 quo
876 2079 908 2140 in
928 2074 1000 2140 loco
1024 2078 1088 2138 sint
1109 2099 1162 2139 res
1177 2074 1292 2140 Troia·

137 2201 207 2244 nae.
250 2174 430 2259 Compulsis
455 2176 664 2240 antecedente
687 2177 738 2242 die
754 2175 959 2260 Neoptolemi
981 2178 1166 2241 fortitudine
1184 2181 1217 2240 in
1240 2201 1308 2240 αι·-Δ

138 2279 213 2343 bem
233 2276 399 2353 Troianis,
417 2277 480 2336 iarn
496 2273 610 2338 Achivi
631 2279 731 2356 prima
749 2277 821 2341 luce
835 2281 995 2363 progressi
1013 2278 1149 2363 undique
1166 2279 1307 2341 moenia·

137 2380 190 2444 Ilii
216 2377 426 2461 oppugnaturi
454 2376 651 2439 circumdant
678 2379 725 2461 (v.
753 2381 928 2461 68-79.).
970 2377 1038 2441 lam
1056 2381 1089 2441 in
1112 2376 1162 2440 his
1186 2398 1307 2441 rerum

137 2481 292 2564 augustiis
314 2476 388 2562 qnid
410 2473 546 2559 amplius
565 2479 671 2560 potuit
691 2484 725 2540 ct
745 2499 876 2562 sperare
898 2486 933 2542 et
953 2473 1067 2562 cupere
1089 2475 1291 2563 Deiphobus,

137 2599 231 2669 quam
244 2587 282 2671 ut
292 2581 391 2663 ipsius
405 2580 522 2640 virtute
540 2575 580 2640 ab
593 2577 671 2643 urbe
685 2583 798 2642 iterum
812 2581 1043 2665 repellerentur
1056 2571 1189 2644 hostes5
1227 2577 1292 2643 Ita-

135 2707 196 2772 que
216 2681 291 2846 quid
307 2687 366 2768 pot
352 2685 435 2745 terat
457 2674 646 2754 Quintus'h.
668 2679 691 2745 l.
710 2680 848 2745 scribere
871 2684 950 2746 nisi·

774 2774 884 2904 άςορ’
905 2775 975 2848 άπὸ
997 2777 1127 2872 πάτρης

227 2889 229 2896 ’
297 2877 483 2966 δυσμενέων
502 2873 707 2967 ἀλεγεινὸν
688 2874 753 2948 υπ’
771 2877 855 2969 ἔγχει
853 2882 960 2954 λαάν
978 2879 1181 2971 555ooqss

134 2989 258 3053 Eodem
278 2985 374 3050 modo
394 2984 468 3049 VIII.
490 2986 531 3044 33
553 3004 620 3069 sqq
642 2985 681 3046 de
703 2982 929 3068 Neoptolemo,
953 2988 1005 3071 qui
1024 2988 1057 3048 in
1079 3005 1217 3071 pugnam
1235 3003 1290 3046 ve-

131 3091 217 3154 hitur
238 3089 389 3152 adversus
415 3082 574 3148 Troianos
604 3092 699 3148 extra
727 3084 839 3148 urbem
869 3088 1065 3148 munimenta
1093 3076 1306 3150 Graecorum-

134 3189 342 3269 ολνεὶάεολεε,
358 3188 420 3252 hoc
442 3187 573 3251 dicitur.

504 3283 629 3374 φόρεον
649 3284 688 3351 55
705 3310 763 3366 μιν
780 3277 982 3376 άμβροτοτ“
966 3309 1078 3365 ιπποι,

294 3387 372 3468 τσάς
394 3413 426 3455 ου
414 3384 630 3474 ἐελδομένῳ
651 3389 759 3476 νηῶν
780 3381 863 3455 άπσ
885 3385 986 3455 λαὸν
1005 3385 1205 3464 ἐλάσσαι,-

296 3483 431 3558 άλπασεν
444 3481 655 3572 Αὐτομέδων.

132 3593 176 3660 Et
194 3589 256 3660 vll.
278 3595 337 3655 514
358 3615 403 3677 sq.
423 3589 601 3674 Eurypylus
621 3589 761 3654 Graecos
783 3613 802 3653 a
821 3613 911 3655 muro
931 3598 1109 3676 pugnantes
1130 3591 1287 3676 increpat:

300 3684 359 3756 οὐκ
377 3687 419 3758 άν
439 3689 479 3778 δη
498 3714 540 3774 με
561 3690 694 3772 ῥ’έλεσσι
715 3694 819 3756 νεῶν
839 3683 862 3756 5
872 3713 925 3757 πο
946 3689 1156 3780 ταρβήσαντα

298 3784 496 3878 ἧλάσατ),
518 3787 549 3859 εἰ
568 3790 614 3880 μὴ
636 3797 742 3875 τεῖχος
761 3789 843 3879 ἐμὴν
860 3785 1025 3882 άπέρυκεν
1040 3786 1196 3877 ὁμοκλήν.

213 3893 257 3960 V.
280 3898 336 3956 131
362 3913 429 3978 sqq.
719 3886 808 3983 ἀμφὶ
829 3887 863 3959 5'
884 3885 951 3982 άρα
970 3915 1050 3982 σφιν
1156 3935 1158 3942 ,

299 3985 406 4073 τεύχε’
429 3989 700 4085 ἐπεσμαράγησε·
718 3991 779 4084 μίη
801 3988 835 4062 5'
858 3987 1037 4085 ἑκάτερθεν
1058 3986 1140 4080 άῦτῆ

294 4089 465 4180 λευγαλέη.

131 4196 244 4285 Neque
265 4211 346 4284 quae
369 4197 412 4260 sit
432 4193 489 4258 illa
509 4192 568 4280 μίη
588 4186 672 4282 άϋτή
693 4199 771 4262 satis
792 4199 970 4283 perspicio,
1004 4203 1038 4262 et
1055 4217 1150 4283 aegre
1172 4193 1287 4260 abesse
1314 4189 1316 4194 ’
1385 4283 1390 4294 .

132 4302 260 4376 videtur
279 4298 423 4368 uerbmu.
464 4293 537 4364 Nisi
557 4295 672 4382 fallor,
690 4308 790 4388 poeta
807 4301 955 4367 dederat:
982 4295 1073 4390 μίγη
1096 4292 1131 4365 5²
1154 4291 1286 4385 ἑκάτερ-
