3044 4986
608 149 811 228 =-.40
868 191 927 210 --

197 327 379 414 δεξαμένουΙ
400 329 460 395 τοῦ
491 325 601 415 δήμου
628 339 701 392 cett.
749 325 949 412 Praepositio
979 337 1028 392 est
1054 329 1094 392 in
1116 327 1309 418 acdfgtntt
1330 339 1364 392 et

197 431 289 494 codd.
307 430 437 494 Recita
481 429 590 494 Recte.
631 426 716 494 Nam
739 430 856 514 siquis
877 428 1076 510 offendatur,
1098 431 1182 516 quod
1200 431 1364 494 decretum

198 531 277 596 illud
290 555 353 596 non
369 536 449 597 utin
462 533 612 595 concione
627 527 747 614 populo
762 531 854 592 sicin
868 532 954 593 curia
972 532 1096 594 senatui
1112 531 1269 596 redditum
1290 553 1362 596 ossa

197 630 293 716 legit,
323 657 423 714 quum·
440 646 545 696 tamen
572 629 752 695 Aeschines
778 651 842 694 non
869 619 987 694 curiam
1014 629 1072 715 (ιδ
1093 631 1361 720 βουλευτήριον),
1435 678 1439 683 -

198 734 255 796 sod
284 749 442 815 sonatum,
470 755 531 820 quo
560 730 718 795 vocabulo
748 729 838 794 illam
866 754 930 796 una
958 733 1192 816 complectitur,
1224 735 1360 798 dixerit:

198 837 322 900 maiore
341 849 374 900 tu
392 837 517 922 quidem
536 835 622 912 iure,
650 855 706 896 cur
726 833 855 896 tandem
875 831 975 896 verba
992 835 1039 918 τῷ
1056 831 1150 922 δήμῳ
1165 836 1272 900 addita
1287 837 1362 916 sint,

198 936 369 1017 demirare,
389 929 545 1022 siquidem
558 957 639 1020 quae
661 932 696 999 δν
713 936 755 1022 τῇ
777 930 935 1023 ἐκκλησίᾳ
955 933 1143 1016 redduntur,
1166 960 1206 1000 ea
1224 935 1364 1000 reddun-

198 1047 248 1098 tur
260 1039 391 1122 popolo.
420 1037 621 1120 Quamquam
638 1057 734 1122 quum
750 1035 826 1098 alibi
838 1058 963 1122 quoqne
976 1035 1061 1100 haud
1076 1036 1235 1101 absimilia
1250 1037 1361 1126 legau-

196 1147 247 1198 tur
260 1139 337 1220 (vid.
349 1137 456 1202 Bremt'
461 1137 540 1200 adh.
548 1137 598 1220 l.),
610 1140 761 1201 siveram
773 1138 866 1203 fateri
874 1137 1030 1217 volumno,
1041 1139 1129 1204 nulla
1143 1143 1177 1204 in
1189 1139 1240 1204 his
1254 1139 1365 1204 verbis

194 1238 279 1300 iusta
295 1239 429 1302 oil'eusio
449 1250 550 1318 esset,
572 1241 635 1302 nisi
654 1251 686 1302 et
703 1241 809 1304 codex
823 1261 866 1322 o,
885 1241 936 1304 oui
952 1237 1037 1302 haud
1054 1237 1151 1302 dubie
1167 1238 1375 1312 Barberinus¹

197 1341 370 1417 consentit,
398 1341 603 1420 iis-careret,
630 1353 763 1427 atquae
785 1341 891 1403 statim
915 1351 1088 1426 sequuntur
1109 1338 1205 1405 verba
1226 1338 1283 1406 καὶ
1302 1339 1364 1419 τὰς

187 1437 336 1526 ,πράξεις
356 1476 398 1488 -
420 1442 496 1506 τοῦ
517 1437 649 1527 δήμου
669 1441 772 1505 factae
794 1440 1049 1524 interpolationis
1070 1443 1285 1526 suspicionem
1306 1443 1369 1506 ad-.

185 1541 502 1624 1ιιιοδααιαιιροιίιαι,
544 1541 636 1606 Hanc
652 1542 692 1606 ob
709 1563 853 1606 caussam
870 1563 968 1606 uncos
984 1541 1104 1606 addidi.
1143 1541 1364 1628 Deindepost

195 1639 294 1703 verba
312 1643 373 1706 τοῦ
394 1641 559 1728 δόγματος
576 1643 673 1729 vulgo
696 1635 755 1710 οὖν
775 1647 977 1707 intersertum
994 1655 1052 1708 est.
1083 1643 1164 1707 Eam
1176 1645 1363 1728 particulam

196 1763 246 1805 ex·
269 1741 406 1820 Bellero·
430 1743 593 1808 codicibus
619 1759 683 1810 tres
710 1760 831 1811 tantum
862 1746 987 1831 (ραν)
1011 1758 1155 1821 tuentum
1185 1747 1221 1810 io
1240 1745 1370 1810 duobus

196 1844 277 1928 (cp)
296 1859 346 1908 ost
363 1845 417 1921 δίς
446 1849 479 1910 in
491 1845 623 1932 reliquis
643 1849 711 1931 (od
717 1871 734 1912 e
731 1851 765 1928 f
767 1849 834 1913 Ιιλί
839 1851 878 1933 q)
902 1851 1020 1912 omissa
1037 1860 1095 1911 est.
1131 1845 1252 1922 Quare
1268 1869 1365 1933 quum

195 1955 268 2028 post
282 1949 429 2011 recitatas
444 1971 463 2011 a
476 1947 580 2011 scriba
592 1941 689 2034 *leges
714 1950 817 2014 aliave
839 1951 1029 2013 documenta
1047 1947 1369 2036 publica-consentu¹

194 2068 290 2110 neum
314 2051 355 2110 s'it
372 2048 411 2112 ab
434 2063 559 2113 oratore
582 2042 768 2128 ἆσννδέιως
782 2053 892 2136 pergi,
915 2049 1000 2113 haud
1018 2062 1200 2113 cunctanter
1216 2051 1369 2135 equidem

195 2139 255 2213 οὖν
274 2149 456 2214 deleverim.
469 2149 529 2245 (gf.
537 2150 592 2214 lll.
601 2156 651 2230 33.
662 2155 699 2214 N
701 2153 841 2216 ΟΜΟΣ.
869 2139 966 2228 οὗιος
986 2145 1003 2216 ὁ
1024 2151 1126 2234 νόμος
1145 2163 1218 2216 cett.
1239 2149 1368 2216 11134..

192 2252 437 2332 ‚uncinum
470 2245 621 2330 duodece,
644 2242 672 2315 d
691 2243 811 2340 ίίνδρες
824 2266 896 2317 cett.
922 2252 977 2318 lll.
990 2259 1060 2319 113.
1076 2257 1153 2316 188..
1165 2263 1238 2316 cett.
1257 2253 1363 2316 Etiam

182 2349 473 2439 lineali-0311.
502 2353 622 2442 διοριῶ
648 2346 683 2419 δ’
703 2345 812 2419 αὐτῶν
839 2349 996 2445 ἑκάτερον
1025 2356 1159 2444 σαφιδς·
1189 2347 1284 2442 φήμη
1303 2353 1369 2435 μὲν.

197 2450 274 2540 γάρ
294 2452 400 2534 ἐστιν,
423 2451 504 2522 ὅταν
525 2455 591 2518 κτλ.
613 2454 770 2540 particula
790 2449 870 2542 γάρ,
902 2479 966 2520 non
985 2457 1090 2520 aliena
1110 2455 1167 2520 illa
1182 2456 1309 2540 quidem
1322 2452 1363 2516 ab

196 2551 366 2630 Aeschinis
389 2577 451 2616 usu
472 2557 598 2618 dicendi
622 2557 681 2638 (cf.
698 2554 808 2618 [170.
826 2560 898 2618 178.
920 2556 1043 2643 11132.
1060 2555 1229 2635 195.all.),
1257 2567 1367 2619 tamen

197 2675 291 2738 quum
306 2656 339 2717 in
356 2654 434 2716 solis
457 2660 499 2738 ip
528 2653 698 2733 habeatur,
729 2675 793 2717 non
817 2649 926 2717 debuit
940 2654 1113 2718 aBeltkero
1129 2652 1364 2737 Diodorfioquc

196 2758 229 2817 in
252 2755 395 2817 ordinem
415 2755 529 2840 recipi,
552 2754 605 2837 qui
625 2753 706 2814 siin
729 2755 842 2818 cadem
867 2757 1009 2818 oratione
1031 2759 1060 2834 §.
1083 2757 1153 2818 147.
1171 2776 1203 2838 p.
1220 2757 1292 2817 312.
1322 2749 1363 2818 σύ

193 2853 255 2940 μὲν
273 2849 324 2941 pol
332 2879 370 2944 ρ,
408 2846 435 2921 ιδ
456 2850 674 2942 Δριιόσδινες
695 2853 764 2918 xci.
793 2869 903 2921 contra
930 2857 1056 2921 codices
1084 2856 1284 2942 scripsissent
1310 2844 1367 2918 αιιί

196 2969 281 3020 certe
300 2955 339 3021 σὺ
357 2955 418 3038 μὲν
439 2947 518 3035 οὖν,
542 2956 625 3042 quod
643 2977 687 3018 ex
704 2977 779 3040 pso
800 2957 945 3022 Racilius
962 2956 1151 3020 etBremc'oo
1164 2968 1363 3042 receperunt,

195 3059 416 3138 retinuissent,
439 3057 518 3144 'quia
540 3059 715 3140 asyndeton
736 3058 890 3124 hocloco
911 3060 987 3122 ferri
1008 3061 1134 3144 nequit,
1162 3081 1227 3150 non
1254 3058 1363 3122 dubito

196 3163 269 3246 quin
284 3181 448 3224 assensum
461 3160 704 3243 intelligentium
722 3165 862 3224 omnium
873 3160 1029 3224 tulissent.
1046 3179 1090 3206 ‘-
1112 3157 1167 3224 ΙΙΙ.
1182 3165 1232 3224 73.
1245 3183 1276 3246 p.
1291 3158 1365 3224 462.

195 3257 214 3328 ὁ
235 3259 299 3350 γὰρ
319 3258 582 3348 μισαλέξανδρος
603 3257 661 3324 καί
680 3257 932 3346 μισοφίλιππος
950 3254 1028 3344 ὑμῖν
1050 3255 1166 3328 οδιοσί
1185 3255 1296 3352 ῥήτωρ
1314 3256 1366 3337 δὶς

195 3357 415 3449 ἐπρέσβευσεν
443 3355 491 3437 εἷς’
519 3357 736 3427 Μακεδονίαν
759 3355 834 3438 ἐξὸν
861 3358 947 3448 μηδὲ
974 3356 1079 3440 δίπαξ.
1123 3362 1177 3427 Sic
1197 3361 1368 3442 Redderes,

195 3463 358 3542 Bremia,
380 3460 567 3542 Diodorfiuo
589 3483 633 3526 ex
654 3461 816 3546 codicibus
839 3465 904 3528 αλλ
919 3465 1113 3548 scripserunt
1128 3462 1309 3550 placuitque
1328 3485 1369 3528 ea

196 3563 349 3648 scriptma
376 3561 505 3627 Racilio
528 3587 669 3650 quoque,
703 3567 756 3650 qui
776 3567 899 3628 camin
921 3564 1047 3630 schedis
1068 3564 1246 3650 Scrimgert'
1268 3567 1368 3630 edno-

196 3679 293 3730 tatem
321 3665 504 3728 invenisset.
547 3663 583 3728 ln
612 3666 742 3752 reliquis
771 3669 894 3753 scriptis
924 3679 957 3730 et
985 3669 1079 3732 editis
1111 3665 1146 3734 ἒν
1166 3663 1365 3752 Μακεδονίᾳ

97 3763 98 3768 ’
195 3765 339 3830 habetur.
384 3763 450 3828 Sed
464 3761 559 3851 quam
574 3764 656 3829 lovis
676 3770 717 3830 sit
733 3771 865 3832 istorum
886 3769 1030 3832 codicum
1052 3771 1242 3849 auotoritas,
1264 3768 1365 3830 eltero

194 3871 266 3932 ldco
281 3865 471 3946 Aeschinis,
495 3889 557 3953 quo
579 3867 692 3932 eadem
712 3870 779 3932 fare
794 3868 893 3934 verba
905 3868 1073 3956 leguntur,
1094 3869 1135 3934 Il.
1156 3876 1227 3934 146.
1243 3893 1278 3954 p.·
1292 3873 1366 3931 312.

195 3962 236 4047 lig
264 3963 354 4034 oi‘ect
384 3965 578 4034 καιαλιπιδν
599 3964 646 4046 εἰς
667 3966 884 4058 Μακεδονίαν
905 3970 1132 4060 ἐπρέσβευσα,
1164 3969 1364 4054 conspicitur.

193 4071 256 4136 Hic
279 4072 363 4134 enim
384 4073 421 4141 in
438 4071 552 4160 iisdem
567 4070 634 4134 illis
651 4071 814 4136 codicibus
836 4085 901 4136 etc
921 4070 956 4139 ἒν
975 4069 1176 4160 Μακεδονίᾳ
1195 4071 1362 4154 reperitur.

195 4161 355 4237 Rectene
371 4183 477 4239 autem
493 4193 589 4257 quum
604 4171 635 4236 h.
653 4171 676 4235 l.
695 4175 757 4238 ista
778 4176 963 4239 auctoritato
984 4174 1046 4239 sibi
1063 4175 1183 4259 imponi
1201 4171 1369 4252 noluisset,

91 4295 94 4310 ·
195 4274 366 4340 our-voluit
380 4271 483 4340 altero
505 4271 596 4344 lacot
620 4271 703 4340 Tam
721 4289 840 4343 certum
855 4287 904 4356 ost
920 4279 1022 4359 cuim,
1043 4279 1139 4342 ctiam
1157 4274 1186 4338 si
1208 4261 1370 4361 exemplis
