3044 4986
578 227 867 307 ...65-

142 408 205 471 rint
225 405 395 491 bilingues.
437 401 510 479 Quo
532 407 636 468 minus
655 405 752 487 ctiam
766 403 900 470 aiterum
921 406 1105 494 exemplum
1124 409 1303 476 incensum

132 503 250 572 'venire
268 519 383 598 potest.
424 503 534 591 ltaque
557 525 666 591 quum*
679 504 768 590 nulia
791 527 904 570 caussa
930 509 1074 574 videatur
1092 530 1181 592 esse,
1208 515 1303 576 trium

140 608 295 672 librorum
310 606 496 672 auctoritate
505 651 526 687 ,v
539 609 594 692 qui
611 624 652 670 uc
673 609 886 691 incorruptam
908 608 1035 692 quidem
1054 633 1131 697 prce
1148 613 1303 676 scierunt
1320 675 1323 680 ,

139 711 344 792 scripturam,
371 707 511 793 reliquos
532 728 831 792 sperneremus,
860 709 1030 774 tenendum
1059 716 1120 776 erit
1139 709 1302 801 ἐγχώριοι,

110 885 114 894 ⁸
139 810 225 894 quod
238 811 399 895 aptissime
415 810 583 894 opponitur
597 808 792 874 Graecorum
808 808 959 889 coloniiS,
981 822 1016 872 ιιι
1036 805 1200 902 cominode
1217 835 1302 878 corn·

137 931 250 994 parare
267 913 373 995 possis
396 907 516 972 Herod.
529 909 562 970 ,.1
583 913 653 973 174.
680 901 757 976 ονἰι
782 902 879 982 αὐτοὶ
909 903 943 974 oi
968 912 1095 999 Κᾶρες,
1126 904 1202 978 οὔτε
1226 910 1303 980 ὅσοι
1380 909 1382 914 ’

136 1005 299 1096 Ἑλλήνων
326 1009 448 1097 ταύτην
468 1005 528 1095 τὴν
543 1005 654 1098 χώρην
675 1005 831 1076 οἰκέουσα
879 1008 1020 1084 Quod
994 1033 1023 1075 sr
1038 1016 1107 1098 quis
1122 1035 1187 1076 non
1202 1001 1303 1077 omni·

62 1145 68 1166 ι
138 1132 180 1173 no
200 1110 424 1195 relinquendos
445 1122 534 1194 putet
554 1132 626 1174 esse
644 1123 708 1174 tres
730 1109 804 1174 illos
826 1111 970 1189 codices,
993 1134 1127 1199 qnorum
1149 1115 1303 1198 scripturn

138 1215 197 1278 vix
216 1235 304 1276 mero
326 1214 402 1275 oriri
421 1210 602 1296 corruptela
619 1212 737 1296 potuit,
759 1231 824 1274 nou
840 1215 982 1298 ineptum
994 1214 1119 1276 videtur
1134 1217 1302 1296 conlisere,

139 1313 274 1408 alteram
290 1325 394 1376 utram
414 1333 527 1376 vocem
544 1315 578 1375 in
601 1326 732 1397 utraque
748 1312 893 1376 c'odiourn
909 1313 1030 1378 familia
1050 1317 1200 1378 omissam
1217 1335 1302 1404 esse,

139 1426 188 1494 et,
209 1415 396 1500 praesertim
420 1433 515 1498 quum
533 1435 615 1477 unus
634 1411 751 1476 habeat
770 1407 978 1496 δύσιιλωιοι,
1001 1415 1062 1480 hoc
1074 1416 1210 1479 fortasse
1224 1419 1301 1478 seri-

137 1517 242 1601 p'sisse
262 1515 458 1579 Diodorum.
488 1508 567 1579 ὅσαι
587 1505 653 1578 δ’ι
634 1516 785 1624 vnippxov
811 1511 965 1604 ἐγχώριοι
985 1540 1042 1581 και
1032 1511 1302 1582 δυσάλωτοι

34 1677 37 1684 ,
138 1613 290 1705 φρουρὰς
314 1609 450 1696 εχοιισαι
475 1609 654 1701 Περσικοίς.
689 1607 795 1698 Apte
817 1628 902 1678 certe
923 1617 955 1679 id
979 1618 1149 1709 respondet
1177 1630 1301 1682 autoce-

139 1717 305 1792 deutibus3
328 1715 424 1780 facilc
446 1716 530 1778 enim
546 1717 705 1807 persuasit
730 1713 845 1779 Cimon
858 1719 981 1800 graecis
998 1719 1030 1780 in
1046 1716 1103 1780 illa
1118 1731 1202 1782 terra
1214 1719 1300 1783 colo-

139 1819 207 1897 nis,
228 1829 262 1880 ut
286 1839 306 1880 a
322 1816 429 1880 Persis
451 1814 638 1891 deficerent;
666 1837 748 1902 quac
769 1827 876 1881 tamen
897 1815 994 1881 urbes
1014 1820 1183 1930 indigenae
1201 1833 1301 1900 erant,

138 1938 242 2004 neque
263 1920 309 1982 ita
328 1921 396 1982 sine
415 1918 545 2002 negotio
568 1930 604 2001 ut
624 1909 779 2002 graecae,¹
808 1939 888 2003 quae
913 1916 994 1982 ultro
1016 1940 1087 1982 sese
1111 1919 1300 2002 obtulerant,

137 2022 210 2104 capi
229 2032 392 2106 poterant,
419 2040 515 2106 quum
537 2041 557 2082 a
576 2018 683 2083 Persis
705 2019 953 2098 custodirentur,
980 2041 1036 2083 cas
1057 2042 1181 2084 summa
1196 2025 1228 2085 vi
1243 2021 1300 2084 ob·
1335 2072 1336 2076 ,

136 2121 229 2185 sedit.
277 2120 319 2184 Et
345 2119 443 2186 habet
467 2144 507 2186 ea
529 2123 669 2206 suspicio
703 2141 743 2184 eo
763 2123 917 2184 maiorem
943 2124 1203 2204 excusationem,
1237 2145 1298 2208 quo

136 2224 240 2306 magis
262 2219 400 2286 Diodori
420 2223 547 2286 codices
564 2221 687 2285 lacunis
708 2233 781 2284 sunt
805 2225 952 2306 corrupti.
994 2220 1093 2308 quue
1107 2226 1141 2288 in
1154 2227 1195 2286 iis
1209 2226 1300 2308 ipsis,

137 2344 220 2406 quoe
256 2325 363 2385 stetim
393 2323 605 2406 praecedunt,
646 2319 754 2385 verbis
791 2321 909 2385 facturn
942 2323 1083 2385 videtur:
1131 2321 1206 2386 τότε
1238 2321 1300 2403 μὲν

137 2415 378 2502 ἑξέιιλειιοιν”
354 2443 436 2502 εχιιν
462 2441 609 2508 τριιμιεις
639 2412 828 2495 διακοσίας·
856 2414 994 2507 ιίαμερον
1020 2420 1058 2488 δὲ
1076 2445 1216 2505 μειαιιιι
1202 2420 1300 2510 μψά-

135 2545 237 2606 μενος
263 2516 357 2610 παρὰ
385 2519 450 2586 τῶν
473 2513 591 2586 Ἰώνων
610 2515 668 2584 καί
687 2519 753 2584 τῶν
774 2509 926 2586 α’ίιίιιινί
905 2520 1063 2588 anderen
1080 2517 1142 2598 τοὶς
1163 2515 1300 2600 οἳιιοίσας

136 2613 216 2704 εἶχε
230 2615 451 2710 τριακοσίους.
490 2620 528 2685 In
549 2620 600 2684 his
619 2621 717 2684 iidem
735 2619 785 2684 illi
808 2622 934 2684 codices
955 2621 987 2687 A
1009 2636 1041 2688 et
1058 2623 1087 2687 L
1104 2645 1175 2688 curn
1189 2624 1258 2688 cod.
1272 2623 1299 2686 F

136 2724 307 2801 acaewris
327 2721 418 2786 libris
438 2723 589 2786 recedunt
610 2724 643 2785 in
668 2742 725 2800 eo,
746 2723 830 2807 quod
845 2713 950 2800 ίίίλας
966 2737 1040 2788 ante
1054 2720 1191 2800 διιοίσας
1205 2727 1316 2792 omit·¹
1378 2782 1383 2792 .

136 2839 206 2890 tunt
206 2821 691 2911 ,sequutusquoestDindorfius.
712 2821 795 2886 Mihi
803 2841 891 2903 vero,
900 2827 960 2887 etsi
968 2847 1006 2889 ea
1014 2835 1213 2910 voxpoterat
1220 2847 1298 2889 sane·

137 2950 158 2991 α
171 2926 302 2991 librario
320 2925 413 3003 addi,
434 2945 499 2987 nou
521 2921 732 3008 improbabile
754 2925 897 3004 videtur,
924 2929 1089 3010 scripsisse
1103 2924 1297 2991 Diodorum:

134 3023 274 3124 ὕστερον
293 3024 332 3092 δὲ
351 3021 656 3114 μεταπεμψάμενος
676 3019 771 3111 παρὰ
796 3025 862 3089 τῶν
887 3016 1036 3090 ἄλλων
1016 3023 1174 3091 androco
1193 3017 1298 3102 οίίίας

137 3131 284 3252 (praeter
303 3145 358 3192 eas
378 3125 528 3189 ducentas
554 3147 632 3211 quas
655 3121 805 3208 habuit),
834 3121 894 3201 τὰς
922 3119 1059 3201 ἁπάσας
1079 3115 1145 3204 εἶχε
1163 3147 1299 3212 τριακο-

136 3225 224 3308 σίας.
264 3225 337 3308 Quo
356 3224 451 3294 simul
467 3226 502 3292 id
524 3224 675 3310 efficitur,
702 3237 738 3289 ut
763 3219 1069 3318 μεταπεμψάμενος
1089 3223 1214 3290 obiecto
1233 3245 1298 3291 non

138 3341 254 3397 careat.

222 3529 304 3596 Plut.
319 3529 408 3617 Sept.
423 3528 500 3615 Sap.
515 3527 647 3596 Conviv.
662 3551 695 3616 p.
715 3533 786 3594 157.
799 3526 842 3594 D.
879 3517 939 3619 ἄρ’
957 3517 1031 3609 οὖν,
1059 3520 1142 3618 ἔφη,
1164 3526 1222 3616 ιιαί
1240 3524 1300 3596 cdv

137 3627 272 3720 ἑταῖρον
301 3627 411 3718 ἡμῶν,
453 3623 608 3710 Σόλωνος
640 3629 678 3696 δὲ
712 3629 819 3710 ξένον,
855 3622 1081 3718 Ἐπιμενίδην,
1115 3627 1228 3714 νόμος,
1248 3652 1300 3706 τις

132 3726 329 3814 Ιοἷιιέιιεσδαι
354 3736 420 3799 τῶν
449 3724 560 3799 ἄλλων
592 3727 706 3799 σιτίων
736 3724 878 3811 ardedat,
909 3733 969 3817 τῆς
996 3724 1032 3797 δ’
1049 3723 1173 3813 ἀλίμου
1199 3726 1299 3797 δυνά-

138 3857 246 3920 μεως,
282 3821 330 3918 ἣν
358 3826 516 3919 ἡδονὴν
545 3824 646 3909 αὐτὸς
678 3828 866 3920 συντίθησι,
899 3827 1019 3920 μικρὸν
1046 3827 1094 3907 είς
1123 3827 1162 3896 ιδ
1191 3830 1299 3912 στόμα

137 3933 317 4020 λαμβάνων
338 3929 541 4020 διημερεύειν
562 3925 740 4022 ἀνάριστον
765 3930 823 3996 καί
845 3924 1014 3997 decennov.
1045 3929 1094 3994 'In
1122 3954 1152 3996 v.
1176 3925 1300 4018 ἡδονήν

139 4057 250 4102 omues
275 4033 473 4099 offenderunt
494 4036 631 4099 editores
652 4034 706 4118 (in
724 4046 870 4119 quattuor
885 4031 1046 4098 codicibus
1064 4035 1214 4096 omissum
1230 4033 1298 4114 est)

139 4141 306 4223 variasque
318 4135 507 4201 emendandi
521 4138 590 4199 vias
602 4137 755 4210 inierunt3
776 4132 1041 4218 Wyttcnbachius
1049 4137 1133 4198 enirn
1142 4145 1197 4197 aut
1209 4125 1299 4197 ίδίαν

139 4251 193 4304 aut
207 4229 248 4324 ἣν
261 4235 298 4308 δὲ
318 4231 428 4318 αὐτός,
449 4232 638 4304 Meziriecus
647 4248 753 4304 eutem
768 4230 839 4328 ἰδίᾳ
852 4234 948 4304 scribi
955 4226 1065 4302 voluit.
1085 4234 1240 4317 Equidem
1250 4251 1299 4294 ar-

204 4338 241 4392 u·
1042 4344 1065 4410 5
