<?xml version="1.0" encoding="UTF-8"?>
<!DOCTYPE html PUBLIC "-//W3C//DTD XHTML 1.0 Transitional//EN"
    "http://www.w3.org/TR/xhtml1/DTD/xhtml1-transitional.dtd">
<html xmlns="http://www.w3.org/1999/xhtml" xml:lang="en" lang="en">
 <head>
  <title>
</title>
<meta http-equiv="Content-Type" content="text/html;charset=utf-8" />
  <meta name='ocr-system' content='tesseract 3.04.00' />
  <meta name='ocr-capabilities' content='ocr_page ocr_carea ocr_par ocr_line ocrx_word'/>
</head>
<body>
  <div class='ocr_page' id='page_1' title='image "actasocietatisg00funkgoog_0266.png"; bbox 0 0 3030 5002; ppageno 0'>
   <div class='ocr_carea' id='block_1_1' title="bbox 637 173 956 256">
    <p class='ocr_par' dir='ltr' id='par_1_1' title="bbox 637 173 956 256">
     <span class='ocr_line' id='line_1_1' title="bbox 637 173 956 256; baseline 0 0"><span class='ocrx_word' id='word_1_1' title='bbox 637 173 956 256; x_wconf 80' lang='grc'><strong>-262-</strong></span> 
     </span>
    </p>
   </div>
   <div class='ocr_carea' id='block_1_2' title="bbox 81 351 1490 1243">
    <p class='ocr_par' dir='ltr' id='par_1_2' title="bbox 81 351 1490 1243">
     <span class='ocr_line' id='line_1_2' title="bbox 205 351 1490 454; baseline 0.002 -30"><span class='ocrx_word' id='word_1_2' title='bbox 205 357 261 436; x_wconf 54' lang='grc' dir='ltr'><strong>Ἴῑεε</strong></span> <span class='ocrx_word' id='word_1_3' title='bbox 279 356 417 422; x_wconf 78' lang='lat' dir='ltr'><strong>&#39;haee-e</strong></span> <span class='ocrx_word' id='word_1_4' title='bbox 446 355 630 420; x_wconf 79' lang='lat' dir='ltr'><strong>coniectura</strong></span> <span class='ocrx_word' id='word_1_5' title='bbox 658 351 788 417; x_wconf 69' lang='lat' dir='ltr'><strong>rmore</strong></span> <span class='ocrx_word' id='word_1_6' title='bbox 814 353 915 420; x_wconf 77' lang='lat' dir='ltr'><strong>edidit</strong></span> <span class='ocrx_word' id='word_1_7' title='bbox 940 352 1144 437; x_wconf 65' lang='lat' dir='ltr'><strong>lbclrmr‘ru,</strong></span> <span class='ocrx_word' id='word_1_8' title='bbox 1179 364 1381 448; x_wconf 82' lang='lat' dir='ltr'><strong>metropes-</strong></span> <span class='ocrx_word' id='word_1_9' title='bbox 1489 385 1490 454; x_wconf 63' lang='lat' dir='ltr'><strong>q</strong></span> 
     </span>
     <span class='ocr_line' id='line_1_3' title="bbox 199 445 1380 543; baseline 0.003 -20"><span class='ocrx_word' id='word_1_10' title='bbox 199 445 369 524; x_wconf 46' lang='lat' dir='ltr'><strong>&#39;suntdatm</strong></span> <span class='ocrx_word' id='word_1_11' title='bbox 412 454 596 539; x_wconf 87' lang='lat' dir='ltr'><strong>Legebatur</strong></span> <span class='ocrx_word' id='word_1_12' title='bbox 621 453 707 516; x_wconf 89' lang='lat' dir='ltr'><strong>haud</strong></span> <span class='ocrx_word' id='word_1_13' title='bbox 736 452 837 519; x_wconf 84' lang='lat' dir='ltr'><strong>multo</strong></span> <span class='ocrx_word' id='word_1_14' title='bbox 867 455 983 519; x_wconf 88' lang='lat' dir='ltr'><strong>melius</strong></span> <span class='ocrx_word' id='word_1_15' title='bbox 1009 458 1043 518; x_wconf 88' lang='lat' dir='ltr'><strong>in</strong></span> <span class='ocrx_word' id='word_1_16' title='bbox 1064 459 1205 543; x_wconf 78' lang='lat' dir='ltr'><strong>antiquis</strong></span> <span class='ocrx_word' id='word_1_17' title='bbox 1227 461 1380 527; x_wconf 88' lang='lat' dir='ltr'><strong>editioni·</strong></span> 
     </span>
     <span class='ocr_line' id='line_1_4' title="bbox 210 552 1380 642; baseline 0.002 -17"><span class='ocrx_word' id='word_1_18' title='bbox 210 561 272 625; x_wconf 84' lang='lat' dir='ltr'><strong>bus</strong></span> <span class='ocrx_word' id='word_1_19' title='bbox 294 556 352 623; x_wconf 81' lang='grc' dir='ltr'><strong>καὶ</strong></span> <span class='ocrx_word' id='word_1_20' title='bbox 371 558 478 639; x_wconf 79' lang='grc' dir='ltr'><strong><em>κόμα</em></strong></span> <span class='ocrx_word' id='word_1_21' title='bbox 499 553 706 641; x_wconf 83' lang='grc' dir='ltr'><strong><em>κατεπρήΰνε</em></strong></span> <span class='ocrx_word' id='word_1_22' title='bbox 726 552 862 642; x_wconf 78' lang='grc' dir='ltr'><strong><em>γαλήνη,</em></strong></span> <span class='ocrx_word' id='word_1_23' title='bbox 882 555 966 622; x_wconf 86' lang='lat' dir='ltr'><strong>male</strong></span> <span class='ocrx_word' id='word_1_24' title='bbox 985 558 1124 640; x_wconf 85' lang='lat' dir='ltr'><strong>repetito</strong></span> <span class='ocrx_word' id='word_1_25' title='bbox 1142 559 1300 626; x_wconf 85' lang='lat' dir='ltr'><strong>vocabulo</strong></span> <span class='ocrx_word' id='word_1_26' title='bbox 1318 563 1380 627; x_wconf 82' lang='grc' dir='ltr'><strong>κῦ-</strong></span> 
     </span>
     <span class='ocr_line' id='line_1_5' title="bbox 210 653 1380 749; baseline 0.001 -23"><span class='ocrx_word' id='word_1_27' title='bbox 210 671 270 747; x_wconf 77' lang='grc' dir='ltr'><strong><em>μσὶ.</em></strong></span> <span class='ocrx_word' id='word_1_28' title='bbox 312 659 434 722; x_wconf 85' lang='lat' dir='ltr'><strong>Locum</strong></span> <span class='ocrx_word' id='word_1_29' title='bbox 460 662 676 720; x_wconf 88' lang='lat' dir='ltr'><strong>tractaverunt</strong></span> <span class='ocrx_word' id='word_1_30' title='bbox 707 653 906 720; x_wconf 77' lang='lat' dir='ltr'><strong>Wemn&#39;ckr&#39;ue</strong></span> <span class='ocrx_word' id='word_1_31' title='bbox 936 658 977 720; x_wconf 89' lang='lat' dir='ltr'><strong>ad</strong></span> <span class='ocrx_word' id='word_1_32' title='bbox 999 654 1118 740; x_wconf 86' lang='lat' dir='ltr'><strong>Tryph.</strong></span> <span class='ocrx_word' id='word_1_33' title='bbox 1155 681 1187 745; x_wconf 88' lang='lat' dir='ltr'><strong>p.</strong></span> <span class='ocrx_word' id='word_1_34' title='bbox 1206 665 1286 742; x_wconf 81' lang='lat'>493,</span> <span class='ocrx_word' id='word_1_35' title='bbox 1322 665 1380 749; x_wconf 88' lang='lat' dir='ltr'><strong>qui</strong></span> 
     </span>
     <span class='ocr_line' id='line_1_6' title="bbox 213 749 1380 845; baseline 0.001 -20"><span class='ocrx_word' id='word_1_36' title='bbox 213 762 326 826; x_wconf 80' lang='lat' dir='ltr'><strong>audaci</strong></span> <span class='ocrx_word' id='word_1_37' title='bbox 351 759 534 823; x_wconf 84' lang='lat' dir='ltr'><strong>coniectura</strong></span> <span class='ocrx_word' id='word_1_38' title='bbox 560 751 617 818; x_wconf 81' lang='grc' dir='ltr'><strong>καὶ</strong></span> <span class='ocrx_word' id='word_1_39' title='bbox 646 751 797 820; x_wconf 79' lang='grc' dir='ltr'><strong><em>πόντον</em></strong></span> <span class='ocrx_word' id='word_1_40' title='bbox 822 749 1024 844; x_wconf 78' lang='grc' dir='ltr'><strong><em>ὑπεπρήῦνε</em></strong></span> <span class='ocrx_word' id='word_1_41' title='bbox 1052 751 1176 844; x_wconf 68' lang='grc' dir='ltr'><strong><em>γαλήνη</em></strong></span> <span class='ocrx_word' id='word_1_42' title='bbox 1205 758 1380 845; x_wconf 85' lang='lat' dir='ltr'><strong>legendum</strong></span> 
     </span>
     <span class='ocr_line' id='line_1_7' title="bbox 212 853 1381 947; baseline 0.002 -21"><span class='ocrx_word' id='word_1_43' title='bbox 212 865 391 947; x_wconf 80' lang='lat' dir='ltr'><strong>suspicatus</strong></span> <span class='ocrx_word' id='word_1_44' title='bbox 413 864 479 936; x_wconf 83' lang='lat' dir='ltr'><strong>est,</strong></span> <span class='ocrx_word' id='word_1_45' title='bbox 501 863 535 919; x_wconf 84' lang='lat' dir='ltr'><strong>et</strong></span> <span class='ocrx_word' id='word_1_46' title='bbox 560 853 743 918; x_wconf 77' lang='lat' dir='ltr'><strong>Gerbardur</strong></span> <span class='ocrx_word' id='word_1_47' title='bbox 764 858 797 918; x_wconf 88' lang='lat' dir='ltr'><strong>in</strong></span> <span class='ocrx_word' id='word_1_48' title='bbox 817 855 907 921; x_wconf 84' lang='lat' dir='ltr'><strong>lectt.</strong></span> <span class='ocrx_word' id='word_1_49' title='bbox 928 856 1080 941; x_wconf 85' lang='lat' dir='ltr'><strong>Apollou.</strong></span> <span class='ocrx_word' id='word_1_50' title='bbox 1099 881 1131 944; x_wconf 90' lang='lat' dir='ltr'><strong>p.</strong></span> <span class='ocrx_word' id='word_1_51' title='bbox 1151 863 1230 938; x_wconf 81' lang='lat'><strong>164,</strong></span> <span class='ocrx_word' id='word_1_52' title='bbox 1254 865 1305 927; x_wconf 87' lang='lat' dir='ltr'><strong>eui</strong></span> <span class='ocrx_word' id='word_1_53' title='bbox 1326 870 1381 927; x_wconf 86' lang='lat' dir='ltr'><strong>to·</strong></span> 
     </span>
     <span class='ocr_line' id='line_1_8' title="bbox 211 955 1381 1046; baseline 0.001 -21"><span class='ocrx_word' id='word_1_54' title='bbox 211 971 266 1026; x_wconf 86' lang='lat' dir='ltr'><strong>tus</strong></span> <span class='ocrx_word' id='word_1_55' title='bbox 287 981 399 1024; x_wconf 68' lang='lat' dir='ltr'><strong>veraces</strong></span> <span class='ocrx_word' id='word_1_56' title='bbox 420 981 464 1022; x_wconf 82' lang='lat' dir='ltr'><strong>ex</strong></span> <span class='ocrx_word' id='word_1_57' title='bbox 486 955 732 1040; x_wconf 75' lang='lat' dir='ltr'><strong>interpolatione</strong></span> <span class='ocrx_word' id='word_1_58' title='bbox 753 963 847 1020; x_wconf 83' lang='lat' dir='ltr'><strong>natus</strong></span> <span class='ocrx_word' id='word_1_59' title='bbox 868 956 1053 1039; x_wconf 83' lang='lat' dir='ltr'><strong>videbatur,</strong></span> <span class='ocrx_word' id='word_1_60' title='bbox 1074 959 1184 1040; x_wconf 87' lang='lat' dir='ltr'><strong>credo,</strong></span> <span class='ocrx_word' id='word_1_61' title='bbox 1205 963 1280 1046; x_wconf 88' lang='lat' dir='ltr'><strong>quia</strong></span> <span class='ocrx_word' id='word_1_62' title='bbox 1303 984 1381 1027; x_wconf 88' lang='lat' dir='ltr'><strong>eum</strong></span> 
     </span>
     <span class='ocr_line' id='line_1_9' title="bbox 210 1057 1379 1150; baseline 0.001 -23"><span class='ocrx_word' id='word_1_63' title='bbox 210 1060 423 1150; x_wconf 82' lang='lat' dir='ltr'><strong>probabiliter</strong></span> <span class='ocrx_word' id='word_1_64' title='bbox 452 1057 621 1122; x_wconf 85' lang='lat' dir='ltr'><strong>emendare</strong></span> <span class='ocrx_word' id='word_1_65' title='bbox 651 1077 716 1120; x_wconf 89' lang='lat' dir='ltr'><strong>non</strong></span> <span class='ocrx_word' id='word_1_66' title='bbox 749 1064 887 1141; x_wconf 87' lang='lat' dir='ltr'><strong>poterat.</strong></span> <span class='ocrx_word' id='word_1_67' title='bbox 944 1058 1046 1144; x_wconf 80' lang='lat' dir='ltr'><strong>Atqui</strong></span> <span class='ocrx_word' id='word_1_68' title='bbox 1080 1058 1141 1124; x_wconf 90' lang='lat' dir='ltr'><strong>hoo</strong></span> <span class='ocrx_word' id='word_1_69' title='bbox 1169 1059 1264 1126; x_wconf 82' lang='lat' dir='ltr'><strong>facile</strong></span> <span class='ocrx_word' id='word_1_70' title='bbox 1295 1069 1379 1128; x_wconf 87' lang='lat' dir='ltr'><strong>erat.</strong></span> 
     </span>
     <span class='ocr_line' id='line_1_10' title="bbox 81 1149 1181 1243; baseline -0.004 -15"><span class='ocrx_word' id='word_1_71' title='bbox 81 1217 86 1228; x_wconf 92' lang='grc'><em>,</em></span> <span class='ocrx_word' id='word_1_72' title='bbox 214 1155 355 1240; x_wconf 76' lang='lat' dir='ltr'><strong>Quintus</strong></span> <span class='ocrx_word' id='word_1_73' title='bbox 378 1162 464 1223; x_wconf 90' lang='lat' dir='ltr'><strong>enim</strong></span> <span class='ocrx_word' id='word_1_74' title='bbox 478 1149 580 1223; x_wconf 73' lang='grc' dir='ltr'><strong><em>ἐοΙίλο</em></strong></span> <span class='ocrx_word' id='word_1_75' title='bbox 601 1154 760 1222; x_wconf 87' lang='lat' dir='ltr'><strong>vocabulo</strong></span> <span class='ocrx_word' id='word_1_76' title='bbox 780 1153 838 1223; x_wconf 84' lang='grc' dir='ltr'><strong>καὶ</strong></span> <span class='ocrx_word' id='word_1_77' title='bbox 851 1157 980 1239; x_wconf 82' lang='grc' dir='ltr'><em>χεῦμα</em></span> <span class='ocrx_word' id='word_1_78' title='bbox 999 1159 1181 1243; x_wconf 79' lang='lat' dir='ltr'><strong>scripserat.</strong></span> 
     </span>
    </p>
   </div>
   <div class='ocr_carea' id='block_1_3' title="bbox 168 1290 1495 4383">
    <p class='ocr_par' dir='ltr' id='par_1_3' title="bbox 270 1290 1169 1489">
     <span class='ocr_line' id='line_1_11' title="bbox 295 1290 510 1375; baseline -0.028 -18"><span class='ocrx_word' id='word_1_79' title='bbox 295 1290 339 1357; x_wconf 88' lang='lat' dir='ltr'><strong>V.</strong></span> <span class='ocrx_word' id='word_1_80' title='bbox 358 1295 419 1354; x_wconf 78' lang='lat'><strong>399</strong></span> <span class='ocrx_word' id='word_1_81' title='bbox 440 1309 510 1375; x_wconf 94' lang='lat' dir='ltr'><strong>sqq.</strong></span> 
     </span>
     <span class='ocr_line' id='line_1_12' title="bbox 270 1387 1169 1489; baseline -0.004 -21"><span class='ocrx_word' id='word_1_82' title='bbox 270 1451 275 1472; x_wconf 71' lang='lat'><strong>.</strong></span> <span class='ocrx_word' id='word_1_83' title='bbox 337 1393 460 1489; x_wconf 83' lang='grc' dir='ltr'><em>Τρώων</em></span> <span class='ocrx_word' id='word_1_84' title='bbox 482 1395 513 1464; x_wconf 86' lang='lat' dir='ltr'><strong>d&#39;</strong></span> <span class='ocrx_word' id='word_1_85' title='bbox 538 1391 631 1466; x_wconf 88' lang='grc' dir='ltr'><strong><em>ὅσσοι</em></strong></span> <span class='ocrx_word' id='word_1_86' title='bbox 651 1394 773 1480; x_wconf 68' lang='grc' dir='ltr'><strong><em>ἄλυξαν</em></strong></span> <span class='ocrx_word' id='word_1_87' title='bbox 790 1387 927 1478; x_wconf 80' lang='grc' dir='ltr'><strong><em>όνηλέος</em></strong></span> <span class='ocrx_word' id='word_1_88' title='bbox 946 1395 981 1464; x_wconf 65' lang='grc' dir='ltr'><strong>ἐκ</strong></span> <span class='ocrx_word' id='word_1_89' title='bbox 1000 1399 1169 1484; x_wconf 77' lang='grc' dir='ltr'><strong><em>πολέμοιο,</em></strong></span> 
     </span>
    </p>

    <p class='ocr_par' dir='ltr' id='par_1_4' title="bbox 340 1493 1165 1590">
     <span class='ocr_line' id='line_1_13' title="bbox 340 1493 1165 1590; baseline -0.001 -23"><span class='ocrx_word' id='word_1_90' title='bbox 340 1494 514 1590; x_wconf 80' lang='grc' dir='ltr'><strong><em>ἀγρόμενον</em></strong></span> <span class='ocrx_word' id='word_1_91' title='bbox 534 1498 618 1566; x_wconf 83' lang='grc' dir='ltr'><strong><em>κατὰ</em></strong></span> <span class='ocrx_word' id='word_1_92' title='bbox 640 1493 742 1585; x_wconf 72' lang='grc' dir='ltr'><strong><em>ἄστυ,</em></strong></span> <span class='ocrx_word' id='word_1_93' title='bbox 766 1502 839 1588; x_wconf 76' lang='grc' dir='ltr'><strong><em>περὶ</em></strong></span> <span class='ocrx_word' id='word_1_94' title='bbox 853 1498 968 1577; x_wconf 78' lang='grc' dir='ltr'><strong><em>νέκυας</em></strong></span> <span class='ocrx_word' id='word_1_95' title='bbox 991 1501 1165 1579; x_wconf 80' lang='grc' dir='ltr'><strong><em>πονέοντο,</em></strong></span> 
     </span>
    </p>

    <p class='ocr_par' dir='ltr' id='par_1_5' title="bbox 342 1593 1282 1694">
     <span class='ocr_line' id='line_1_14' title="bbox 342 1593 1282 1694; baseline 0.004 -24"><span class='ocrx_word' id='word_1_96' title='bbox 342 1607 551 1690; x_wconf 73' lang='grc' dir='ltr'><strong><em>θαπτόμενον</em></strong></span> <span class='ocrx_word' id='word_1_97' title='bbox 575 1604 760 1691; x_wconf 78' lang='grc' dir='ltr'><strong><em>μεμαῶτες·</em></strong></span> <span class='ocrx_word' id='word_1_98' title='bbox 788 1595 868 1687; x_wconf 72' lang='grc' dir='ltr'><strong><em>ἄγεν</em></strong></span> <span class='ocrx_word' id='word_1_99' title='bbox 889 1593 922 1666; x_wconf 81' lang='grc' dir='ltr'><strong>δ’</strong></span> <span class='ocrx_word' id='word_1_100' title='bbox 947 1596 1109 1689; x_wconf 70' lang='grc' dir='ltr'><strong><em>ἀλεγεινὸν</em></strong></span> <span class='ocrx_word' id='word_1_101' title='bbox 1129 1609 1161 1681; x_wconf 75' lang='grc' dir='ltr'><strong>ἐς</strong></span> <span class='ocrx_word' id='word_1_102' title='bbox 1187 1604 1282 1694; x_wconf 64' lang='grc' dir='ltr'><strong><em>ἔργον</em></strong></span> 
     </span>
    </p>

    <p class='ocr_par' dir='ltr' id='par_1_6' title="bbox 211 1697 1495 2809">
     <span class='ocr_line' id='line_1_15' title="bbox 333 1697 1180 1794; baseline 0 -22"><span class='ocrx_word' id='word_1_103' title='bbox 333 1703 514 1794; x_wconf 78' lang='grc' dir='ltr'><strong>Ἀντήνωρ·</strong></span> <span class='ocrx_word' id='word_1_104' title='bbox 538 1699 661 1772; x_wconf 73' lang='grc' dir='ltr'><strong><em>αὐτοὶ</em></strong></span> <span class='ocrx_word' id='word_1_105' title='bbox 684 1707 719 1774; x_wconf 77' lang='grc' dir='ltr'><strong>δὲ</strong></span> <span class='ocrx_word' id='word_1_106' title='bbox 738 1697 847 1793; x_wconf 80' lang='grc' dir='ltr'><strong><em>πυρήν</em></strong></span> <span class='ocrx_word' id='word_1_107' title='bbox 869 1705 1015 1773; x_wconf 77' lang='grc' dir='ltr'><strong><em>πολέεσσι</em></strong></span> <span class='ocrx_word' id='word_1_108' title='bbox 1034 1703 1180 1773; x_wconf 78' lang='grc' dir='ltr'><strong><em>τίθεντο.</em></strong></span> 
     </span>
     <span class='ocr_line' id='line_1_16' title="bbox 218 1803 1485 1902; baseline 0.002 -21"><span class='ocrx_word' id='word_1_109' title='bbox 218 1812 378 1882; x_wconf 85' lang='lat' dir='ltr'><strong>Vitiosum</strong></span> <span class='ocrx_word' id='word_1_110' title='bbox 400 1837 471 1880; x_wconf 80' lang='lat' dir='ltr'><strong>esse</strong></span> <span class='ocrx_word' id='word_1_111' title='bbox 498 1815 579 1880; x_wconf 92' lang='lat' dir='ltr'><strong>illud</strong></span> <span class='ocrx_word' id='word_1_112' title='bbox 604 1808 726 1882; x_wconf 82' lang='grc' dir='ltr'><strong>αότοί</strong></span> <span class='ocrx_word' id='word_1_113' title='bbox 755 1823 789 1880; x_wconf 87' lang='lat' dir='ltr'><strong>et</strong></span> <span class='ocrx_word' id='word_1_114' title='bbox 808 1837 868 1902; x_wconf 83' lang='lat' dir='ltr'><strong>ego</strong></span> <span class='ocrx_word' id='word_1_115' title='bbox 890 1803 955 1879; x_wconf 85' lang='lat' dir='ltr'><strong>iam</strong></span> <span class='ocrx_word' id='word_1_116' title='bbox 974 1815 1051 1880; x_wconf 91' lang='lat' dir='ltr'><strong>olim</strong></span> <span class='ocrx_word' id='word_1_117' title='bbox 1073 1813 1240 1896; x_wconf 69' lang='lat' dir='ltr'><strong>intellexi,</strong></span> <span class='ocrx_word' id='word_1_118' title='bbox 1265 1823 1300 1884; x_wconf 83' lang='lat' dir='ltr'><strong>er</strong></span> <span class='ocrx_word' id='word_1_119' title='bbox 1319 1838 1380 1883; x_wconf 88' lang='lat' dir='ltr'><strong>un·</strong></span> <span class='ocrx_word' id='word_1_120' title='bbox 1479 1825 1485 1836; x_wconf 92' lang='lat'>&#39;</span> 
     </span>
     <span class='ocr_line' id='line_1_17' title="bbox 211 1914 1379 2002; baseline 0.003 -20"><span class='ocrx_word' id='word_1_121' title='bbox 211 1941 271 2001; x_wconf 88' lang='lat' dir='ltr'><strong>per</strong></span> <span class='ocrx_word' id='word_1_122' title='bbox 284 1916 460 1996; x_wconf 63' lang='lat' dir='ltr'><strong>Boenasa,</strong></span> <span class='ocrx_word' id='word_1_123' title='bbox 483 1920 535 2002; x_wconf 91' lang='lat' dir='ltr'><strong>qui</strong></span> <span class='ocrx_word' id='word_1_124' title='bbox 548 1914 707 2001; x_wconf 86' lang='lat' dir='ltr'><strong>probabili</strong></span> <span class='ocrx_word' id='word_1_125' title='bbox 729 1939 806 1981; x_wconf 80' lang='lat' dir='ltr'><strong>sane</strong></span> <span class='ocrx_word' id='word_1_126' title='bbox 822 1920 1006 1981; x_wconf 87' lang='lat' dir='ltr'><strong>coniectura</strong></span> <span class='ocrx_word' id='word_1_127' title='bbox 1024 1916 1046 1980; x_wconf 96' lang='lat' dir='ltr'><strong>l.</strong></span> <span class='ocrx_word' id='word_1_128' title='bbox 1058 1938 1085 1980; x_wconf 89' lang='lat' dir='ltr'><strong>c.</strong></span> <span class='ocrx_word' id='word_1_129' title='bbox 1105 1939 1136 2002; x_wconf 91' lang='lat' dir='ltr'><strong>p.</strong></span> <span class='ocrx_word' id='word_1_130' title='bbox 1154 1921 1245 1981; x_wconf 77' lang='lat'><strong>1242.</strong></span> <span class='ocrx_word' id='word_1_131' title='bbox 1266 1921 1379 1984; x_wconf 82' lang='grc' dir='ltr'><strong>ποῦ-</strong></span> 
     </span>
     <span class='ocr_line' id='line_1_18' title="bbox 213 2011 1428 2108; baseline 0.001 -25"><span class='ocrx_word' id='word_1_132' title='bbox 213 2041 286 2108; x_wconf 87' lang='grc' dir='ltr'><strong><em>ροι</em></strong></span> <span class='ocrx_word' id='word_1_133' title='bbox 306 2016 344 2087; x_wconf 77' lang='grc' dir='ltr'><strong>δὲ</strong></span> <span class='ocrx_word' id='word_1_134' title='bbox 365 2015 474 2106; x_wconf 78' lang='grc' dir='ltr'><strong><em>πυρήν</em></strong></span> <span class='ocrx_word' id='word_1_135' title='bbox 495 2025 556 2082; x_wconf 85' lang='lat' dir='ltr'><strong>ete.</strong></span> <span class='ocrx_word' id='word_1_136' title='bbox 578 2017 796 2100; x_wconf 87' lang='lat' dir='ltr'><strong>reponendum</strong></span> <span class='ocrx_word' id='word_1_137' title='bbox 815 2039 887 2082; x_wconf 83' lang='lat' dir='ltr'><strong>esse</strong></span> <span class='ocrx_word' id='word_1_138' title='bbox 909 2019 1049 2102; x_wconf 84' lang='lat' dir='ltr'><strong>putavit3</strong></span> <span class='ocrx_word' id='word_1_139' title='bbox 1071 2016 1105 2080; x_wconf 92' lang='lat' dir='ltr'><strong>id</strong></span> <span class='ocrx_word' id='word_1_140' title='bbox 1126 2017 1210 2102; x_wconf 90' lang='lat' dir='ltr'><strong>quod</strong></span> <span class='ocrx_word' id='word_1_141' title='bbox 1228 2011 1380 2102; x_wconf 84' lang='lat' dir='ltr'><strong>probavit</strong></span> <span class='ocrx_word' id='word_1_142' title='bbox 1424 2054 1428 2058; x_wconf 94' lang='lat'>·</span> 
     </span>
     <span class='ocr_line' id='line_1_19' title="bbox 213 2113 1380 2202; baseline 0 -19"><span class='ocrx_word' id='word_1_143' title='bbox 213 2122 313 2183; x_wconf 86' lang='lat' dir='ltr'><strong>etiam</strong></span> <span class='ocrx_word' id='word_1_144' title='bbox 334 2116 520 2201; x_wconf 76' lang='lat' dir='ltr'><strong>Spilznerus</strong></span> <span class='ocrx_word' id='word_1_145' title='bbox 544 2115 566 2179; x_wconf 94' lang='lat' dir='ltr'><strong>l.</strong></span> <span class='ocrx_word' id='word_1_146' title='bbox 586 2139 613 2180; x_wconf 89' lang='lat' dir='ltr'><strong>e.</strong></span> <span class='ocrx_word' id='word_1_147' title='bbox 633 2138 665 2201; x_wconf 91' lang='lat' dir='ltr'><strong>p.</strong></span> <span class='ocrx_word' id='word_1_148' title='bbox 689 2123 781 2181; x_wconf 86' lang='lat'><strong>1180.</strong></span> <span class='ocrx_word' id='word_1_149' title='bbox 825 2115 951 2182; x_wconf 87' lang='lat' dir='ltr'><strong>Tamen</strong></span> <span class='ocrx_word' id='word_1_150' title='bbox 972 2139 1023 2180; x_wconf 91' lang='lat' dir='ltr'><strong>me</strong></span> <span class='ocrx_word' id='word_1_151' title='bbox 1046 2139 1110 2181; x_wconf 91' lang='lat' dir='ltr'><strong>nou</strong></span> <span class='ocrx_word' id='word_1_152' title='bbox 1132 2117 1277 2202; x_wconf 86' lang='lat' dir='ltr'><strong>poenitet</strong></span> <span class='ocrx_word' id='word_1_153' title='bbox 1296 2113 1380 2184; x_wconf 80' lang='lat' dir='ltr'><strong>alius</strong></span> 
     </span>
     <span class='ocr_line' id='line_1_20' title="bbox 214 2211 1495 2307; baseline 0.001 -23"><span class='ocrx_word' id='word_1_154' title='bbox 214 2220 465 2298; x_wconf 87' lang='lat' dir='ltr'><strong>emendationis,</strong></span> <span class='ocrx_word' id='word_1_155' title='bbox 486 2240 548 2303; x_wconf 90' lang='lat' dir='ltr'><strong>qua</strong></span> <span class='ocrx_word' id='word_1_156' title='bbox 567 2216 738 2303; x_wconf 85' lang='lat' dir='ltr'><strong>aliquando</strong></span> <span class='ocrx_word' id='word_1_157' title='bbox 760 2211 886 2306; x_wconf 76' lang='grc' dir='ltr'><strong><em>αὐτὴν</em></strong></span> <span class='ocrx_word' id='word_1_158' title='bbox 906 2217 944 2284; x_wconf 79' lang='grc' dir='ltr'><strong>δὲ</strong></span> <span class='ocrx_word' id='word_1_159' title='bbox 963 2216 1072 2306; x_wconf 78' lang='grc' dir='ltr'><strong><em>πυρήν</em></strong></span> <span class='ocrx_word' id='word_1_160' title='bbox 1081 2213 1249 2307; x_wconf 62' lang='grc' dir='ltr'><strong>ἱπολέεσσι</strong></span> <span class='ocrx_word' id='word_1_161' title='bbox 1266 2213 1380 2285; x_wconf 75' lang='grc' dir='ltr'><strong><em>τίθεν-</em></strong></span> <span class='ocrx_word' id='word_1_162' title='bbox 1494 2277 1495 2284; x_wconf 70' lang='grc'>,</span> 
     </span>
     <span class='ocr_line' id='line_1_21' title="bbox 212 2315 1379 2405; baseline -0.003 -18"><span class='ocrx_word' id='word_1_163' title='bbox 212 2343 253 2387; x_wconf 85' lang='grc' dir='ltr'><strong>το</strong></span> <span class='ocrx_word' id='word_1_164' title='bbox 281 2343 301 2384; x_wconf 85' lang='lat' dir='ltr'><strong>a</strong></span> <span class='ocrx_word' id='word_1_165' title='bbox 330 2327 427 2405; x_wconf 83' lang='lat' dir='ltr'><strong>poeta</strong></span> <span class='ocrx_word' id='word_1_166' title='bbox 454 2319 633 2403; x_wconf 87' lang='lat' dir='ltr'><strong>profectum</strong></span> <span class='ocrx_word' id='word_1_167' title='bbox 664 2342 736 2384; x_wconf 88' lang='lat' dir='ltr'><strong>esse</strong></span> <span class='ocrx_word' id='word_1_168' title='bbox 766 2322 946 2404; x_wconf 79' lang='lat' dir='ltr'><strong>suspicatus</strong></span> <span class='ocrx_word' id='word_1_169' title='bbox 972 2339 1051 2382; x_wconf 86' lang='lat' dir='ltr'><strong>sum.</strong></span> <span class='ocrx_word' id='word_1_170' title='bbox 1097 2315 1209 2382; x_wconf 87' lang='lat' dir='ltr'><strong>Habet</strong></span> <span class='ocrx_word' id='word_1_171' title='bbox 1235 2339 1275 2381; x_wconf 87' lang='lat' dir='ltr'><strong>ea</strong></span> <span class='ocrx_word' id='word_1_172' title='bbox 1304 2320 1379 2385; x_wconf 88' lang='lat' dir='ltr'><strong>inde</strong></span> 
     </span>
     <span class='ocr_line' id='line_1_22' title="bbox 213 2416 1384 2508; baseline -0.002 -21"><span class='ocrx_word' id='word_1_173' title='bbox 213 2421 535 2500; x_wconf 83' lang='lat' dir='ltr'><strong>commendationem,</strong></span> <span class='ocrx_word' id='word_1_174' title='bbox 558 2419 643 2504; x_wconf 90' lang='lat' dir='ltr'><strong>qnod</strong></span> <span class='ocrx_word' id='word_1_175' title='bbox 665 2420 822 2508; x_wconf 89' lang='lat' dir='ltr'><strong>alioquin,</strong></span> <span class='ocrx_word' id='word_1_176' title='bbox 849 2419 902 2484; x_wconf 88' lang='lat' dir='ltr'><strong>vel</strong></span> <span class='ocrx_word' id='word_1_177' title='bbox 919 2427 1048 2505; x_wconf 88' lang='lat' dir='ltr'><strong>recepta</strong></span> <span class='ocrx_word' id='word_1_178' title='bbox 1062 2416 1209 2482; x_wconf 77' lang='grc' dir='ltr'><strong><em>Βσυλλείν·</em></strong></span> <span class='ocrx_word' id='word_1_179' title='bbox 1227 2416 1384 2503; x_wconf 47' lang='lat' dir='ltr'><strong>lectione.</strong></span> 
     </span>
     <span class='ocr_line' id='line_1_23' title="bbox 214 2516 1379 2610; baseline -0.002 -23"><span class='ocrx_word' id='word_1_180' title='bbox 214 2526 313 2587; x_wconf 87' lang='lat' dir='ltr'><strong>mirus</strong></span> <span class='ocrx_word' id='word_1_181' title='bbox 333 2522 458 2584; x_wconf 86' lang='lat' dir='ltr'><strong>videtur</strong></span> <span class='ocrx_word' id='word_1_182' title='bbox 474 2520 644 2604; x_wconf 84' lang='lat' dir='ltr'><strong>singularis</strong></span> <span class='ocrx_word' id='word_1_183' title='bbox 666 2520 784 2610; x_wconf 86' lang='grc' dir='ltr'><strong><em>πυρήν.</em></strong></span> <span class='ocrx_word' id='word_1_184' title='bbox 827 2518 984 2583; x_wconf 83' lang='lat' dir='ltr'><strong>Solebant</strong></span> <span class='ocrx_word' id='word_1_185' title='bbox 998 2526 1124 2598; x_wconf 79' lang='lat' dir='ltr'><strong>autem,</strong></span> <span class='ocrx_word' id='word_1_186' title='bbox 1145 2516 1201 2581; x_wconf 89' lang='lat' dir='ltr'><strong>ubi</strong></span> <span class='ocrx_word' id='word_1_187' title='bbox 1215 2518 1308 2584; x_wconf 89' lang='lat' dir='ltr'><strong>multi</strong></span> <span class='ocrx_word' id='word_1_188' title='bbox 1327 2542 1379 2585; x_wconf 87' lang='lat' dir='ltr'><strong>oe·</strong></span> 
     </span>
     <span class='ocr_line' id='line_1_24' title="bbox 214 2617 1435 2705; baseline 0.002 -21"><span class='ocrx_word' id='word_1_189' title='bbox 214 2625 375 2704; x_wconf 77' lang='lat' dir='ltr'><strong>ciderunt,</strong></span> <span class='ocrx_word' id='word_1_190' title='bbox 404 2641 502 2682; x_wconf 90' lang='lat' dir='ltr'><strong>uuum</strong></span> <span class='ocrx_word' id='word_1_191' title='bbox 531 2617 678 2692; x_wconf 84' lang='lat' dir='ltr'><strong>omnibus</strong></span> <span class='ocrx_word' id='word_1_192' title='bbox 703 2620 800 2685; x_wconf 84' lang='lat' dir='ltr'><strong>sirnul</strong></span> <span class='ocrx_word' id='word_1_193' title='bbox 826 2641 940 2705; x_wconf 85' lang='lat' dir='ltr'><strong>rogum</strong></span> <span class='ocrx_word' id='word_1_194' title='bbox 970 2627 1149 2684; x_wconf 82' lang='lat' dir='ltr'><strong>exstruere.</strong></span> <span class='ocrx_word' id='word_1_195' title='bbox 1208 2617 1284 2685; x_wconf 82' lang='lat' dir='ltr'><strong>vid.</strong></span> <span class='ocrx_word' id='word_1_196' title='bbox 1305 2619 1379 2687; x_wconf 89' lang='lat' dir='ltr'><strong>Vll.</strong></span> <span class='ocrx_word' id='word_1_197' title='bbox 1430 2653 1435 2658; x_wconf 64' lang='grc'>’</span> 
     </span>
     <span class='ocr_line' id='line_1_25' title="bbox 217 2717 905 2809; baseline 0.001 -24"><span class='ocrx_word' id='word_1_198' title='bbox 217 2727 275 2786; x_wconf 81' lang='grc'><strong>161</strong></span> <span class='ocrx_word' id='word_1_199' title='bbox 298 2744 366 2809; x_wconf 86' lang='lat' dir='ltr'><strong>sqq.</strong></span> <span class='ocrx_word' id='word_1_200' title='bbox 903 2717 905 2722; x_wconf 69' lang='grc'><strong>’</strong></span> 
     </span>
    </p>

    <p class='ocr_par' dir='ltr' id='par_1_7' title="bbox 338 2813 1239 2916">
     <span class='ocr_line' id='line_1_26' title="bbox 338 2813 1239 2916; baseline 0.001 -20"><span class='ocrx_word' id='word_1_201' title='bbox 338 2820 474 2908; x_wconf 78' lang='grc' dir='ltr'><strong><em>πληθὺν</em></strong></span> <span class='ocrx_word' id='word_1_202' title='bbox 493 2819 531 2893; x_wconf 77' lang='grc' dir='ltr'><strong>δ’</strong></span> <span class='ocrx_word' id='word_1_203' title='bbox 555 2813 629 2895; x_wconf 76' lang='grc' dir='ltr'><strong><em>αὖτ’</em></strong></span> <span class='ocrx_word' id='word_1_204' title='bbox 659 2823 829 2912; x_wconf 74' lang='grc' dir='ltr'><strong>ἀπάνευθε</strong></span> <span class='ocrx_word' id='word_1_205' title='bbox 849 2819 1074 2914; x_wconf 77' lang='grc' dir='ltr'><strong><em>δαϊκταμένων</em></strong></span> <span class='ocrx_word' id='word_1_206' title='bbox 1093 2819 1207 2916; x_wconf 76' lang='grc' dir='ltr'><strong><em>ἡρώων</em></strong></span> <span class='ocrx_word' id='word_1_207' title='bbox 1237 2869 1239 2873; x_wconf 36' lang='lat' dir='ltr'>v</span> 
     </span>
    </p>

    <p class='ocr_par' dir='ltr' id='par_1_8' title="bbox 341 2922 1249 3024">
     <span class='ocr_line' id='line_1_27' title="bbox 341 2922 1249 3024; baseline 0.002 -26"><span class='ocrx_word' id='word_1_208' title='bbox 341 2925 469 3023; x_wconf 77' lang='grc' dir='ltr'><strong><em>θάψαν</em></strong></span> <span class='ocrx_word' id='word_1_209' title='bbox 491 2922 684 3018; x_wconf 80' lang='grc' dir='ltr'><strong><em>ἄκηχέμευον</em></strong></span> <span class='ocrx_word' id='word_1_210' title='bbox 696 2925 827 3024; x_wconf 78' lang='grc' dir='ltr'><strong><em>μεγόλνρ</em></strong></span> <span class='ocrx_word' id='word_1_211' title='bbox 849 2936 923 3024; x_wconf 81' lang='grc' dir='ltr'><strong><em>περὶ</em></strong></span> <span class='ocrx_word' id='word_1_212' title='bbox 944 2933 1066 3000; x_wconf 82' lang='grc' dir='ltr'><strong><em>πένθεϊ</em></strong></span> <span class='ocrx_word' id='word_1_213' title='bbox 1086 2928 1217 3019; x_wconf 86' lang='grc' dir='ltr'><strong><em>θυμόν,</em></strong></span> <span class='ocrx_word' id='word_1_214' title='bbox 1239 3001 1249 3018; x_wconf 66' lang='grc'><strong><em>,</em></strong></span> 
     </span>
    </p>

    <p class='ocr_par' dir='ltr' id='par_1_9' title="bbox 216 3026 1271 3545">
     <span class='ocr_line' id='line_1_28' title="bbox 347 3026 1271 3130; baseline 0.002 -30"><span class='ocrx_word' id='word_1_215' title='bbox 347 3026 561 3121; x_wconf 79' lang='grc' dir='ltr'><strong><em>πυρκαϊὴν</em></strong></span> <span class='ocrx_word' id='word_1_216' title='bbox 580 3029 666 3121; x_wconf 81' lang='grc' dir='ltr'><strong>ἅμα</strong></span> <span class='ocrx_word' id='word_1_217' title='bbox 689 3035 794 3104; x_wconf 83' lang='grc' dir='ltr'><strong><em>πᾶσι</em></strong></span> <span class='ocrx_word' id='word_1_218' title='bbox 811 3033 913 3123; x_wconf 83' lang='grc' dir='ltr'><strong><em>μὶην</em></strong></span> <span class='ocrx_word' id='word_1_219' title='bbox 938 3027 1271 3130; x_wconf 82' lang='grc' dir='ltr'><strong><em>περινηήσαντες</em></strong></span> 
     </span>
     <span class='ocr_line' id='line_1_29' title="bbox 239 3130 543 3228; baseline 0 -24"><span class='ocrx_word' id='word_1_220' title='bbox 239 3220 254 3228; x_wconf 10' lang='grc' dir='ltr'><strong>ρ,</strong></span> <span class='ocrx_word' id='word_1_221' title='bbox 276 3189 285 3208; x_wconf 86' lang='grc'><strong>.,</strong></span> <span class='ocrx_word' id='word_1_222' title='bbox 343 3138 399 3204; x_wconf 79' lang='grc' dir='ltr'><strong>καλ</strong></span> <span class='ocrx_word' id='word_1_223' title='bbox 424 3130 543 3226; x_wconf 72' lang='grc' dir='ltr'><strong><em>τάφον.</em></strong></span> 
     </span>
     <span class='ocr_line' id='line_1_30' title="bbox 219 3236 786 3331; baseline -0.004 -21"><span class='ocrx_word' id='word_1_224' title='bbox 219 3251 253 3310; x_wconf 84' lang='lat' dir='ltr'><strong>et</strong></span> <span class='ocrx_word' id='word_1_225' title='bbox 272 3243 423 3312; x_wconf 89' lang='lat' dir='ltr'><strong>Nonnum</strong></span> <span class='ocrx_word' id='word_1_226' title='bbox 445 3245 519 3310; x_wconf 90' lang='lat' dir='ltr'><strong>XL.</strong></span> <span class='ocrx_word' id='word_1_227' title='bbox 539 3250 601 3324; x_wconf 79' lang='lat'><strong>220</strong></span> <span class='ocrx_word' id='word_1_228' title='bbox 623 3261 691 3331; x_wconf 87' lang='lat' dir='ltr'><strong>sqq.</strong></span> <span class='ocrx_word' id='word_1_229' title='bbox 781 3236 786 3243; x_wconf 60' lang='grc'>’</span> 
     </span>
     <span class='ocr_line' id='line_1_31' title="bbox 216 3348 1207 3443; baseline 0.003 -23"><span class='ocrx_word' id='word_1_230' title='bbox 216 3395 220 3408; x_wconf 84' lang='lat'><strong>·</strong></span> <span class='ocrx_word' id='word_1_231' title='bbox 346 3351 462 3443; x_wconf 84' lang='grc' dir='ltr'><strong><em>πρῶτα</em></strong></span> <span class='ocrx_word' id='word_1_232' title='bbox 478 3358 539 3441; x_wconf 80' lang='grc' dir='ltr'><strong><em>μὲν</em></strong></span> <span class='ocrx_word' id='word_1_233' title='bbox 554 3353 723 3440; x_wconf 77' lang='grc' dir='ltr'><strong><em>ε’κτερέϊξεν</em></strong></span> <span class='ocrx_word' id='word_1_234' title='bbox 735 3348 939 3440; x_wconf 80' lang='grc' dir='ltr'><strong><em>ότυμβεότων</em></strong></span> <span class='ocrx_word' id='word_1_235' title='bbox 959 3351 1055 3442; x_wconf 81' lang='grc' dir='ltr'><strong><em>στλχα</em></strong></span> <span class='ocrx_word' id='word_1_236' title='bbox 1070 3353 1207 3442; x_wconf 74' lang='grc' dir='ltr'><strong><em>νεκρῶν,</em></strong></span> 
     </span>
     <span class='ocr_line' id='line_1_32' title="bbox 218 3453 1216 3545; baseline 0 -21"><span class='ocrx_word' id='word_1_237' title='bbox 218 3483 223 3496; x_wconf 69' lang='grc'><em>’</em></span> <span class='ocrx_word' id='word_1_238' title='bbox 348 3453 504 3544; x_wconf 83' lang='grc' dir='ltr'><strong><em>ὃωμήσας</em></strong></span> <span class='ocrx_word' id='word_1_239' title='bbox 524 3459 596 3526; x_wconf 76' lang='grc' dir='ltr'><strong><em>ἕνα</em></strong></span> <span class='ocrx_word' id='word_1_240' title='bbox 622 3453 786 3542; x_wconf 77' lang='grc' dir='ltr'><strong><em>τύμβου</em></strong></span> <span class='ocrx_word' id='word_1_241' title='bbox 804 3456 973 3545; x_wconf 75' lang='grc' dir='ltr'><strong>ισλπείριτον</strong></span> <span class='ocrx_word' id='word_1_242' title='bbox 1000 3457 1089 3543; x_wconf 81' lang='grc' dir='ltr'><strong><em>εὐρέϊ</em></strong></span> <span class='ocrx_word' id='word_1_243' title='bbox 1105 3456 1216 3543; x_wconf 83' lang='grc' dir='ltr'><strong><em>κόλπῳ</em></strong></span> 
     </span>
    </p>

    <p class='ocr_par' dir='ltr' id='par_1_10' title="bbox 349 3552 1162 3652">
     <span class='ocr_line' id='line_1_33' title="bbox 349 3552 1162 3652; baseline 0.002 -28"><span class='ocrx_word' id='word_1_244' title='bbox 349 3557 480 3646; x_wconf 83' lang='grc' dir='ltr'><strong><em>όκριτον</em></strong></span> <span class='ocrx_word' id='word_1_245' title='bbox 503 3558 608 3652; x_wconf 82' lang='grc' dir='ltr'><strong><em>ἀμφὶ</em></strong></span> <span class='ocrx_word' id='word_1_246' title='bbox 627 3552 767 3648; x_wconf 47' lang='grc' dir='ltr'><strong><em>,πυρήν</em></strong></span> <span class='ocrx_word' id='word_1_247' title='bbox 787 3556 1090 3646; x_wconf 77' lang='grc' dir='ltr'><strong><em>ἑκατόμπεδον.</em></strong></span> <span class='ocrx_word' id='word_1_248' title='bbox 1158 3607 1162 3614; x_wconf 86' lang='grc'><strong>-</strong></span> 
     </span>
    </p>

    <p class='ocr_par' dir='ltr' id='par_1_11' title="bbox 168 3662 964 3756">
     <span class='ocr_line' id='line_1_34' title="bbox 168 3662 964 3756; baseline 0.003 -27"><span class='ocrx_word' id='word_1_249' title='bbox 168 3693 176 3718; x_wconf 77' lang='lat'><strong>.</strong></span> <span class='ocrx_word' id='word_1_250' title='bbox 219 3662 362 3756; x_wconf 86' lang='lat' dir='ltr'><strong>Uterque</strong></span> <span class='ocrx_word' id='word_1_251' title='bbox 386 3669 493 3735; x_wconf 85' lang='lat' dir='ltr'><strong>hausit</strong></span> <span class='ocrx_word' id='word_1_252' title='bbox 514 3691 558 3733; x_wconf 85' lang='lat' dir='ltr'><strong>ex</strong></span> <span class='ocrx_word' id='word_1_253' title='bbox 579 3669 722 3731; x_wconf 89' lang='lat' dir='ltr'><strong>Homero</strong></span> <span class='ocrx_word' id='word_1_254' title='bbox 744 3673 790 3732; x_wconf 90' lang='lat' dir='ltr'><strong>H.</strong></span> <span class='ocrx_word' id='word_1_255' title='bbox 810 3674 873 3733; x_wconf 84' lang='lat'><strong>430</strong></span> <span class='ocrx_word' id='word_1_256' title='bbox 895 3691 964 3755; x_wconf 85' lang='lat' dir='ltr'><strong>sqq.</strong></span> 
     </span>
    </p>

    <p class='ocr_par' dir='ltr' id='par_1_12' title="bbox 346 3765 1101 3866">
     <span class='ocr_line' id='line_1_35' title="bbox 346 3765 1101 3866; baseline -0.001 -23"><span class='ocrx_word' id='word_1_257' title='bbox 346 3775 391 3856; x_wconf 81' lang='grc' dir='ltr'><strong>ὡς</strong></span> <span class='ocrx_word' id='word_1_258' title='bbox 416 3777 450 3844; x_wconf 80' lang='grc' dir='ltr'><strong>δ’</strong></span> <span class='ocrx_word' id='word_1_259' title='bbox 473 3771 580 3856; x_wconf 85' lang='grc' dir='ltr'><strong><em>αότως</em></strong></span> <span class='ocrx_word' id='word_1_260' title='bbox 595 3780 757 3866; x_wconf 75' lang='grc' dir='ltr'><strong><em>ἑτέρωθεν</em></strong></span> <span class='ocrx_word' id='word_1_261' title='bbox 773 3765 962 3863; x_wconf 79' lang='grc' dir='ltr'><strong><em>ἐϋκνήμιδες</em></strong></span> <span class='ocrx_word' id='word_1_262' title='bbox 974 3769 1101 3862; x_wconf 59' lang='lat' dir='ltr'><strong>&#39;Aizaroi</strong></span> 
     </span>
    </p>

    <p class='ocr_par' dir='ltr' id='par_1_13' title="bbox 343 3873 1122 3972">
     <span class='ocr_line' id='line_1_36' title="bbox 343 3873 1122 3972; baseline -0.004 -24"><span class='ocrx_word' id='word_1_263' title='bbox 343 3874 475 3967; x_wconf 77' lang='grc' dir='ltr'><strong><em>νεκροὺς</em></strong></span> <span class='ocrx_word' id='word_1_264' title='bbox 495 3880 655 3972; x_wconf 76' lang='grc' dir='ltr'><strong><em>πυρκαϊῆς</em></strong></span> <span class='ocrx_word' id='word_1_265' title='bbox 667 3876 832 3960; x_wconf 75' lang='grc' dir='ltr'><strong><em>ἐπινήνεον</em></strong></span> <span class='ocrx_word' id='word_1_266' title='bbox 848 3873 1023 3967; x_wconf 79' lang='grc' dir='ltr'><strong><em>ἀχνύμενοι</em></strong></span> <span class='ocrx_word' id='word_1_267' title='bbox 1043 3880 1122 3970; x_wconf 75' lang='grc' dir='ltr'><strong><em>κῆρ·</em></strong></span> 
     </span>
    </p>

    <p class='ocr_par' dir='ltr' id='par_1_14' title="bbox 344 3977 1124 4071">
     <span class='ocr_line' id='line_1_37' title="bbox 344 3977 1124 4071; baseline 0 -25"><span class='ocrx_word' id='word_1_268' title='bbox 344 3982 377 4049; x_wconf 76' lang='grc' dir='ltr'><strong><em>ἒν</em></strong></span> <span class='ocrx_word' id='word_1_269' title='bbox 392 3983 427 4049; x_wconf 80' lang='grc' dir='ltr'><strong>δὲ</strong></span> <span class='ocrx_word' id='word_1_270' title='bbox 451 3987 531 4071; x_wconf 82' lang='grc' dir='ltr'><strong><em>πυρὶ</em></strong></span> <span class='ocrx_word' id='word_1_271' title='bbox 554 3977 733 4069; x_wconf 83' lang='grc' dir='ltr'><strong><em>πρήσαντες</em></strong></span> <span class='ocrx_word' id='word_1_272' title='bbox 748 3980 827 4070; x_wconf 79' lang='grc' dir='ltr'><strong><em>ἔβαν</em></strong></span> <span class='ocrx_word' id='word_1_273' title='bbox 841 3980 953 4060; x_wconf 80' lang='grc' dir='ltr'><strong><em>κοίλας</em></strong></span> <span class='ocrx_word' id='word_1_274' title='bbox 967 3981 1018 4048; x_wconf 73' lang='grc' dir='ltr'><strong>ἐπὶ</strong></span> <span class='ocrx_word' id='word_1_275' title='bbox 1032 3983 1124 4064; x_wconf 80' lang='grc' dir='ltr'><strong><em>νῆας.</em></strong></span> 
     </span>
    </p>

    <p class='ocr_par' dir='ltr' id='par_1_15' title="bbox 344 4067 1254 4178">
     <span class='ocr_line' id='line_1_38' title="bbox 344 4067 1254 4178; baseline 0 -29"><span class='ocrx_word' id='word_1_276' title='bbox 344 4067 429 4166; x_wconf 80' lang='grc' dir='ltr'><strong><em>ἦμος</em></strong></span> <span class='ocrx_word' id='word_1_277' title='bbox 450 4085 482 4151; x_wconf 83' lang='lat' dir='ltr'><strong>‹l’</strong></span> <span class='ocrx_word' id='word_1_278' title='bbox 497 4078 572 4152; x_wconf 70' lang='grc' dir='ltr'><strong>οὔτ’</strong></span> <span class='ocrx_word' id='word_1_279' title='bbox 591 4077 633 4171; x_wconf 71' lang='grc' dir='ltr'><strong><em>ἄρ</em></strong></span> <span class='ocrx_word' id='word_1_280' title='bbox 648 4107 698 4150; x_wconf 87' lang='grc' dir='ltr'><strong><em>πω</em></strong></span> <span class='ocrx_word' id='word_1_281' title='bbox 714 4077 798 4168; x_wconf 82' lang='grc' dir='ltr'><strong><em>ήτός,</em></strong></span> <span class='ocrx_word' id='word_1_282' title='bbox 823 4086 871 4150; x_wconf 80' lang='grc' dir='ltr'><strong>ἔτι</strong></span> <span class='ocrx_word' id='word_1_283' title='bbox 886 4077 1104 4178; x_wconf 54' lang='grc' dir='ltr'><strong><em>δ”όμφιλόκη</em></strong></span> <span class='ocrx_word' id='word_1_284' title='bbox 1118 4074 1191 4162; x_wconf 79' lang='grc' dir='ltr'><strong><em>νόξ,</em></strong></span> <span class='ocrx_word' id='word_1_285' title='bbox 1250 4084 1254 4092; x_wconf 76' lang='grc'><strong>“</strong></span> 
     </span>
    </p>

    <p class='ocr_par' dir='ltr' id='par_1_16' title="bbox 346 4173 1383 4278">
     <span class='ocr_line' id='line_1_39' title="bbox 346 4173 1383 4278; baseline 0.002 -28"><span class='ocrx_word' id='word_1_286' title='bbox 346 4187 447 4268; x_wconf 77' lang='grc' dir='ltr'><strong><em>τῆμος</em></strong></span> <span class='ocrx_word' id='word_1_287' title='bbox 463 4181 520 4273; x_wconf 74' lang='grc' dir='ltr'><strong>ἄρ’</strong></span> <span class='ocrx_word' id='word_1_288' title='bbox 539 4181 626 4278; x_wconf 74' lang='grc' dir='ltr'><strong>ἀμφὶ</strong></span> <span class='ocrx_word' id='word_1_289' title='bbox 640 4183 748 4274; x_wconf 83' lang='grc' dir='ltr'><strong><em>πυρήν</em></strong></span> <span class='ocrx_word' id='word_1_290' title='bbox 765 4180 874 4276; x_wconf 81' lang='grc' dir='ltr'><strong><em>κριτὸς</em></strong></span> <span class='ocrx_word' id='word_1_291' title='bbox 891 4186 1006 4278; x_wconf 52' lang='lat' dir='ltr'><strong>&amp;poteo</strong></span> <span class='ocrx_word' id='word_1_292' title='bbox 1017 4183 1098 4265; x_wconf 83' lang='grc' dir='ltr'><strong>λαός</strong></span> <span class='ocrx_word' id='word_1_293' title='bbox 1115 4173 1267 4269; x_wconf 70' lang='grc' dir='ltr'><strong><em>Ἀχαιῶν·</em></strong></span> <span class='ocrx_word' id='word_1_294' title='bbox 1350 4243 1355 4262; x_wconf 65' lang='grc'>,</span> <span class='ocrx_word' id='word_1_295' title='bbox 1378 4186 1383 4213; x_wconf 69' lang='grc'><em>’</em></span> 
     </span>
    </p>

    <p class='ocr_par' dir='ltr' id='par_1_17' title="bbox 339 4280 1287 4383">
     <span class='ocr_line' id='line_1_40' title="bbox 339 4280 1287 4383; baseline -0.004 -27"><span class='ocrx_word' id='word_1_296' title='bbox 339 4280 466 4378; x_wconf 72' lang='grc' dir='ltr'><strong><em>τύμβον</em></strong></span> <span class='ocrx_word' id='word_1_297' title='bbox 477 4287 510 4356; x_wconf 81' lang='lat' dir='ltr'><strong>d’</strong></span> <span class='ocrx_word' id='word_1_298' title='bbox 525 4281 616 4383; x_wconf 64' lang='grc' dir='ltr'><em>,ἀμφ’</em></span> <span class='ocrx_word' id='word_1_299' title='bbox 637 4281 743 4372; x_wconf 78' lang='grc' dir='ltr'><strong><em>αὐτήν</em></strong></span> <span class='ocrx_word' id='word_1_300' title='bbox 756 4290 813 4358; x_wconf 78' lang='grc' dir='ltr'><strong><em>ἕνα</em></strong></span> <span class='ocrx_word' id='word_1_301' title='bbox 826 4295 942 4362; x_wconf 81' lang='grc' dir='ltr'><strong><em>ποίεον</em></strong></span> <span class='ocrx_word' id='word_1_302' title='bbox 957 4286 1175 4379; x_wconf 70' lang='grc' dir='ltr'><strong><em>ἐξαγαγόντες.</em></strong></span> <span class='ocrx_word' id='word_1_303' title='bbox 1284 4309 1287 4314; x_wconf 55' lang='lat'><strong>⁴</strong></span> 
     </span>
    </p>
   </div>
   <div class='ocr_carea' id='block_1_4' title="bbox 0 0 1522 5002">
    <p class='ocr_par' dir='ltr' id='par_1_18' title="bbox 0 0 1522 5002">
     <span class='ocr_line' id='line_1_41' title="bbox 0 0 1522 5002; baseline 0 0"><span class='ocrx_word' id='word_1_304' title='bbox 0 0 1522 5002; x_wconf 95' lang='lat' dir='ltr'><strong> </strong></span> 
     </span>
    </p>
   </div>
  </div>
 </body>
</html>
